<?xml version="1.0" ?><OAI-PMH xmlns="http://www.openarchives.org/OAI/2.0/" xmlns:xsi="http://www.w3.org/2001/XMLSchema-instance" xsi:schemaLocation="http://www.openarchives.org/OAI/2.0/ http://www.openarchives.org/OAI/2.0/OAI-PMH.xsd">
  <responseDate>2024-11-20T18:24:53Z</responseDate>
  <request resumptionToken="1900-01-01@all@UNIGE_ALL@marc21@5986477070005502" verb="ListRecords">https://slsp-unige.alma.exlibrisgroup.com/view/oai/41SLSP_UGE/request</request>
<ListRecords><record><header><identifier>oai:alma.41SLSP_UGE:991000013609705502</identifier><datestamp>2023-03-01T01:08:59Z</datestamp><setSpec>uge_bcen_RapidILL_BOOK</setSpec><setSpec>uge_aaca_RapidILL_BOOK</setSpec><setSpec>uge_abels_RapidILL_BOOK</setSpec><setSpec>uge_dbu_RapidILL_BOOK</setSpec><setSpec>uge_cmu_RapidILL_BOOK</setSpec><setSpec>uge_mail_RapidILL_BOOK</setSpec><setSpec>UNIGE_ALL</setSpec><setSpec>uge_abbat_RapidILL_BOOK</setSpec><setSpec>uge_aobs_RapidILL_BOOK</setSpec><setSpec>uge_acar_RapidILL_BOOK</setSpec></header><metadata>
<record xmlns="http://www.loc.gov/MARC21/slim" xmlns:xsi="http://www.w3.org/2001/XMLSchema-instance" xsi:schemaLocation="http://www.loc.gov/MARC21/slim http://www.loc.gov/standards/marcxml/schema/MARC21slim.xsd"><leader>01379nam a2200421 c 4500</leader><controlfield tag="001">991000013609705502</controlfield><controlfield tag="005">20230207222950.0</controlfield><controlfield tag="008">201011s1981    xxu||||| |||| 00| ||eng d</controlfield><datafield ind1=" " ind2=" " tag="020"><subfield code="a">0801824265</subfield></datafield><datafield ind1=" " ind2=" " tag="035"><subfield code="a">(swissbib)211790257-41slsp_network</subfield></datafield><datafield ind1=" " ind2=" " tag="035"><subfield code="a">211790257</subfield><subfield code="9">ExL</subfield></datafield><datafield ind1=" " ind2=" " tag="035"><subfield code="a">(RERO)0424487-41slsp</subfield></datafield><datafield ind1=" " ind2=" " tag="035"><subfield code="a">(IDSBB)001222407DSV01</subfield></datafield><datafield ind1=" " ind2=" " tag="035"><subfield code="a">(NEBIS)007965770EBI01</subfield></datafield><datafield ind1=" " ind2=" " tag="035"><subfield code="a">(EXLNZ-41SLSP_NETWORK)991096084609705501</subfield></datafield><datafield ind1=" " ind2=" " tag="040"><subfield code="a">RERO</subfield><subfield code="d">CH-ZuSLS</subfield></datafield><datafield ind1=" " ind2="7" tag="072"><subfield code="a">ht</subfield><subfield code="2">rero</subfield></datafield><datafield ind1=" " ind2="7" tag="072"><subfield code="a">sg</subfield><subfield code="2">rero</subfield></datafield><datafield ind1=" " ind2="7" tag="072"><subfield code="a">ga</subfield><subfield code="2">SzZuIDS BS/BE</subfield></datafield><datafield ind1="1" ind2="4" tag="082"><subfield code="a">900</subfield><subfield code="2">15</subfield></datafield><datafield ind1=" " ind2=" " tag="084"><subfield code="a">ND 8700</subfield><subfield code="2">rvk</subfield></datafield><datafield ind1=" " ind2=" " tag="084"><subfield code="a">QU 100</subfield><subfield code="2">rvk</subfield></datafield><datafield ind1="1" ind2=" " tag="100"><subfield code="a">Flinn, Michael Walter</subfield><subfield code="d">1917-1983</subfield><subfield code="0">(IDREF)075165481</subfield><subfield code="4">cre</subfield></datafield><datafield ind1="1" ind2="0" tag="245"><subfield code="a">&lt;&lt;The&gt;&gt; European demographic system</subfield><subfield code="b">1500-1820</subfield><subfield code="c">Michael W. Flinn</subfield></datafield><datafield ind1=" " ind2="1" tag="264"><subfield code="a">Baltimore Md.</subfield><subfield code="b">The Johns Hopkins University Press</subfield><subfield code="c">1981</subfield></datafield><datafield ind1=" " ind2=" " tag="300"><subfield code="a">XI, 175 S.</subfield><subfield code="b">Tab.</subfield></datafield><datafield ind1=" " ind2=" " tag="336"><subfield code="b">txt</subfield><subfield code="2">rdacontent</subfield></datafield><datafield ind1=" " ind2=" " tag="337"><subfield code="b">n</subfield><subfield code="2">rdamedia</subfield></datafield><datafield ind1=" " ind2=" " tag="338"><subfield code="b">nc</subfield><subfield code="2">rdacarrier</subfield></datafield><datafield ind1="1" ind2=" " tag="490"><subfield code="a">The Johns Hopkins symposia in comparative history</subfield><subfield code="v">12</subfield></datafield><datafield ind1=" " ind2="7" tag="650"><subfield code="a">Population</subfield><subfield code="0">(IDREF)027546071</subfield><subfield code="2">idref</subfield></datafield><datafield ind1=" " ind2="7" tag="650"><subfield code="a">1500-1820</subfield><subfield code="2">rero</subfield></datafield><datafield ind1=" " ind2="7" tag="651"><subfield code="a">Europe</subfield><subfield code="0">(IDREF)027224651</subfield><subfield code="2">idref</subfield></datafield><datafield ind1=" " ind2=" " tag="690"><subfield code="a">Demographie</subfield><subfield code="2">uzb-VK</subfield></datafield><datafield ind1=" " ind2=" " tag="690"><subfield code="a">Sozialgeschichte</subfield><subfield code="2">uzb-VK</subfield></datafield><datafield ind1=" " ind2=" " tag="690"><subfield code="a">Europa</subfield><subfield code="2">uzb-VK</subfield></datafield><datafield ind1="1" ind2=" " tag="700"><subfield code="a">Flinn, Michael W.</subfield></datafield><datafield ind1=" " ind2="0" tag="830"><subfield code="a">&lt;&lt;The&gt;&gt; Johns Hopkins symposia in comparative history</subfield><subfield code="v">12</subfield><subfield code="w">(IDSBB)000010877DSV01</subfield></datafield><datafield ind1=" " ind2=" " tag="900"><subfield code="a">REROnoselfmerge</subfield></datafield></record>
</metadata></record>