<record><header><identifier>oai:alma.41SLSP_UGE:991000013399705502</identifier><datestamp>2024-09-28T00:13:12Z</datestamp><setSpec>uge_bcen_RapidILL_BOOK</setSpec><setSpec>uge_aaca_RapidILL_BOOK</setSpec><setSpec>uge_abels_RapidILL_BOOK</setSpec><setSpec>uge_dbu_RapidILL_BOOK</setSpec><setSpec>uge_cmu_RapidILL_BOOK</setSpec><setSpec>uge_mail_RapidILL_BOOK</setSpec><setSpec>uge_abbat_RapidILL_BOOK</setSpec><setSpec>UNIGE_ALL</setSpec><setSpec>uge_aobs_RapidILL_BOOK</setSpec><setSpec>uge_acar_RapidILL_BOOK</setSpec></header><metadata>
<record xmlns="http://www.loc.gov/MARC21/slim" xmlns:xsi="http://www.w3.org/2001/XMLSchema-instance" xsi:schemaLocation="http://www.loc.gov/MARC21/slim http://www.loc.gov/standards/marcxml/schema/MARC21slim.xsd"><leader>01757nam a2200421 c 4500</leader><controlfield tag="001">991000013399705502</controlfield><controlfield tag="005">20240927193925.0</controlfield><controlfield tag="008">201011s1986    xxu||||| |||| 00| ||eng d</controlfield><datafield ind1=" " ind2=" " tag="035"><subfield code="a">(swissbib)212959638-41slsp_network</subfield></datafield><datafield ind1=" " ind2=" " tag="035"><subfield code="a">212959638</subfield><subfield code="9">ExL</subfield></datafield><datafield ind1=" " ind2=" " tag="035"><subfield code="a">(RERO)1103399-41slsp</subfield></datafield><datafield ind1=" " ind2=" " tag="035"><subfield code="a">(NEBIS)005878934EBI01</subfield></datafield><datafield ind1=" " ind2=" " tag="035"><subfield code="a">(IDSBB)000683250DSV01</subfield></datafield><datafield ind1=" " ind2=" " tag="035"><subfield code="a">(EXLNZ-41SLSP_NETWORK)991049272049705501</subfield></datafield><datafield ind1=" " ind2=" " tag="040"><subfield code="a">RERO geuses</subfield><subfield code="d">CH-ZuSLS</subfield></datafield><datafield ind1=" " ind2="7" tag="072"><subfield code="a">se</subfield><subfield code="2">rero</subfield></datafield><datafield ind1=" " ind2="7" tag="072"><subfield code="a">vw</subfield><subfield code="2">SzZuIDS BS/BE</subfield></datafield><datafield ind1="1" ind2="4" tag="082"><subfield code="a">330</subfield><subfield code="2">15</subfield></datafield><datafield ind1="1" ind2=" " tag="100"><subfield code="6">880-01</subfield><subfield code="a">Kenen, Peter Bain</subfield><subfield code="d">1932-2012</subfield><subfield code="0">(IDREF)031627315</subfield><subfield code="4">cre</subfield></datafield><datafield ind1="1" ind2=" " tag="880"><subfield code="a">Kenen, Peter B.</subfield><subfield code="d">1932-2012</subfield><subfield code="0">(DE-588)120108798</subfield><subfield code="6">100-01</subfield></datafield><datafield ind1="1" ind2="0" tag="245"><subfield code="a">Forward rates, interest rates, and expectations under alternative exchange rate regimes</subfield><subfield code="c">Peter B. Kenen</subfield></datafield><datafield ind1=" " ind2="1" tag="264"><subfield code="a">Princeton N.J.</subfield><subfield code="b">International Finance Section Department of Economics Princeton University</subfield><subfield code="c">1986</subfield></datafield><datafield ind1=" " ind2=" " tag="300"><subfield code="a">P. 654-666</subfield><subfield code="b">ill.</subfield><subfield code="c">24 cm</subfield></datafield><datafield ind1=" " ind2=" " tag="336"><subfield code="b">txt</subfield><subfield code="2">rdacontent</subfield></datafield><datafield ind1=" " ind2=" " tag="337"><subfield code="b">n</subfield><subfield code="2">rdamedia</subfield></datafield><datafield ind1=" " ind2=" " tag="338"><subfield code="b">nc</subfield><subfield code="2">rdacarrier</subfield></datafield><datafield ind1="1" ind2=" " tag="490"><subfield code="a">Reprints in international finance</subfield><subfield code="v">No 24</subfield></datafield><datafield ind1=" " ind2=" " tag="500"><subfield code="a">&quot;Reprinted from Economic Record, Vol. 61, September 1985&quot;</subfield></datafield><datafield ind1=" " ind2=" " tag="500"><subfield code="a">SA aus: Economic record. - Vol. 61 No. 174 (1985)</subfield></datafield><datafield ind1=" " ind2=" " tag="580"><subfield code="a">Tiré à part de: The Economic Record. - 1985, vol. 61, no 174, p. 654-666</subfield></datafield><datafield ind1=" " ind2="7" tag="650"><subfield code="a">Taux de change</subfield><subfield code="0">(IDREF)028219376</subfield><subfield code="2">idref</subfield></datafield><datafield ind1=" " ind2="7" tag="650"><subfield code="a">Geld</subfield><subfield code="0">(DE-STW)11415-2</subfield><subfield code="2">stw</subfield></datafield><datafield ind1=" " ind2="7" tag="650"><subfield code="a">Geldpolitik</subfield><subfield code="0">(DE-STW)10382-3</subfield><subfield code="2">stw</subfield></datafield><datafield ind1=" " ind2="7" tag="650"><subfield code="a">Währung</subfield><subfield code="0">(DE-STW)10764-3</subfield><subfield code="2">stw</subfield></datafield><datafield ind1="1" ind2=" " tag="700"><subfield code="a">Kenen, Peter Bain</subfield></datafield><datafield ind1=" " ind2=" " tag="830"><subfield code="a">Reprints in international finance</subfield><subfield code="v">24</subfield><subfield code="w">(IDSBB)000036926DSV01</subfield></datafield><datafield ind1=" " ind2=" " tag="830"><subfield code="a">Reprints in international finance</subfield><subfield code="v">24</subfield><subfield code="w">(RERO)1103075-41slsp</subfield></datafield><datafield ind1=" " ind2=" " tag="900"><subfield code="a">REROnoselfmerge</subfield></datafield></record>
</metadata></record>