<record><header><identifier>oai:alma.41SLSP_UGE:991000014129705502</identifier><datestamp>2023-06-26T00:14:45Z</datestamp><setSpec>UNIGE_ALL</setSpec></header><metadata>
<record xmlns="http://www.loc.gov/MARC21/slim" xmlns:xsi="http://www.w3.org/2001/XMLSchema-instance" xsi:schemaLocation="http://www.loc.gov/MARC21/slim http://www.loc.gov/standards/marcxml/schema/MARC21slim.xsd"><leader>01924ngm a2200385 c 4500</leader><controlfield tag="001">991000014129705502</controlfield><controlfield tag="005">20230625173031.0</controlfield><controlfield tag="007">vd |v||||</controlfield><controlfield tag="008">100429s2006    fr ||| |          v|jpn d</controlfield><datafield ind1="4" ind2="2" tag="028"><subfield code="a">010 135-3</subfield></datafield><datafield ind1=" " ind2=" " tag="035"><subfield code="a">(swissbib)110287851-41slsp_network</subfield></datafield><datafield ind1=" " ind2=" " tag="035"><subfield code="a">110287851</subfield><subfield code="9">ExL</subfield></datafield><datafield ind1=" " ind2=" " tag="035"><subfield code="a">(RERO)R005436947-41slsp</subfield></datafield><datafield ind1=" " ind2=" " tag="035"><subfield code="a">(EXLNZ-41SLSP_NETWORK)991132837199705501</subfield></datafield><datafield ind1=" " ind2=" " tag="040"><subfield code="a">RERO geumem</subfield><subfield code="d">CH-ZuSLS</subfield></datafield><datafield ind1="1" ind2=" " tag="041"><subfield code="a">fre</subfield><subfield code="a">jpn</subfield><subfield code="h">jpn</subfield></datafield><datafield ind1=" " ind2="7" tag="072"><subfield code="a">ba</subfield><subfield code="2">rero</subfield></datafield><datafield ind1="0" ind2="0" tag="245"><subfield code="a">&lt;&lt;L'&gt;&gt;ange ivre</subfield><subfield code="b">= Yoidore tenshi</subfield><subfield code="c">un film de Akira Kurosawa ; scénario Keinosuke Uegusa, Akira Kurosawa ; musique Fumio Hayasaka ; prod. par Shojiro Motoki</subfield></datafield><datafield ind1="1" ind2=" " tag="246"><subfield code="a">Yoidore tenshi</subfield></datafield><datafield ind1=" " ind2="1" tag="264"><subfield code="a">[Paris]</subfield><subfield code="b">Wild Side Video</subfield><subfield code="c">[2006]</subfield></datafield><datafield ind1=" " ind2=" " tag="300"><subfield code="a">1 DVD vidéo</subfield><subfield code="b">noir et blanc</subfield></datafield><datafield ind1=" " ind2=" " tag="336"><subfield code="b">tdi</subfield><subfield code="2">rdacontent</subfield></datafield><datafield ind1=" " ind2=" " tag="337"><subfield code="b">v</subfield><subfield code="2">rdamedia</subfield></datafield><datafield ind1=" " ind2=" " tag="338"><subfield code="b">vd</subfield><subfield code="2">rdacarrier</subfield></datafield><datafield ind1="0" ind2=" " tag="490"><subfield code="a">Les introuvables</subfield></datafield><datafield ind1=" " ind2=" " tag="500"><subfield code="a">Une prod.: Toho Co., cop. 1948</subfield></datafield><datafield ind1=" " ind2=" " tag="500"><subfield code="a">Version originale japonaise sous-titrée français</subfield></datafield><datafield ind1=" " ind2=" " tag="500"><subfield code="a">Durée du film: ca 94 min.</subfield></datafield><datafield ind1="0" ind2=" " tag="511"><subfield code="a">Takashi Shimura ; Toshirô Mifune ; Michiyo Kogure ; Reisaburo Yamamoto ; Chieko Nakakita ; Eitaro Shindo ; Yoshiko Kuga ... et al.</subfield></datafield><datafield ind1="8" ind2=" " tag="520"><subfield code="a">&quot;Appelé en pleine nuit à soigner un jeune gangster pour une blessure à la main, un médecin alcoolique décèle une affection plus grave, la tuberculose. Il tente de soigner le jeune homme qui ne veut rien entendre, et malgré les disputes et les menaces, il se prend d'amitié pour lui. Le chassé-croisé des deux hommes que tout oppose trouvera une issue tragique dans les milieux violents de la pègre japonaise.&quot;</subfield><subfield code="5">RERO/geumem/04.2010</subfield></datafield><datafield ind1=" " ind2="7" tag="655"><subfield code="a">DVD</subfield><subfield code="0">(IDREF)035108444</subfield><subfield code="2">idref</subfield></datafield><datafield ind1=" " ind2="7" tag="655"><subfield code="a">Films de fiction</subfield><subfield code="0">(IDREF)14779644X</subfield><subfield code="2">idref</subfield></datafield><datafield ind1="1" ind2=" " tag="700"><subfield code="a">Kurosawa, Akira</subfield><subfield code="d">1910-1998</subfield><subfield code="0">(IDREF)028038940</subfield></datafield><datafield ind1="1" ind2=" " tag="700"><subfield code="a">Hayasaka, Fumio</subfield><subfield code="d">1914-1955</subfield><subfield code="0">(IDREF)05164035X</subfield></datafield><datafield ind1="1" ind2=" " tag="700"><subfield code="a">Uekusa, Keinosuke</subfield><subfield code="d">1910-1993</subfield><subfield code="0">(IDREF)114980780</subfield></datafield><datafield ind1="1" ind2=" " tag="700"><subfield code="a">Motoki, Sojiro</subfield><subfield code="0">(RERO)A005509935</subfield></datafield></record>
</metadata></record>