<record><header><identifier>oai:alma.41SLSP_UGE:991000013709705502</identifier><datestamp>2024-04-05T00:24:29Z</datestamp><setSpec>uge_bcen_RapidILL_BOOK</setSpec><setSpec>uge_aaca_RapidILL_BOOK</setSpec><setSpec>uge_abels_RapidILL_BOOK</setSpec><setSpec>uge_dbu_RapidILL_BOOK</setSpec><setSpec>uge_cmu_RapidILL_BOOK</setSpec><setSpec>uge_mail_RapidILL_BOOK</setSpec><setSpec>uge_abbat_RapidILL_BOOK</setSpec><setSpec>UNIGE_ALL</setSpec><setSpec>uge_acar_RapidILL_BOOK</setSpec><setSpec>uge_aobs_RapidILL_BOOK</setSpec></header><metadata>
<record xmlns="http://www.loc.gov/MARC21/slim" xmlns:xsi="http://www.w3.org/2001/XMLSchema-instance" xsi:schemaLocation="http://www.loc.gov/MARC21/slim http://www.loc.gov/standards/marcxml/schema/MARC21slim.xsd"><leader>06309nam a2200841 c 4500</leader><controlfield tag="001">991000013709705502</controlfield><controlfield tag="005">20240404162835.0</controlfield><controlfield tag="008">201012s2006    gw ||||| m||| 00| ||ger d</controlfield><datafield ind1=" " ind2=" " tag="019"><subfield code="a">Catalogage: décrit l'ex. commercial avec page additionnelle de thèse</subfield><subfield code="5">RERO/neubfd/08.2006</subfield></datafield><datafield ind1=" " ind2=" " tag="019"><subfield code="a">Kuhn, Norbert (1973-)</subfield></datafield><datafield ind1=" " ind2=" " tag="020"><subfield code="a">3631555881</subfield></datafield><datafield ind1=" " ind2=" " tag="035"><subfield code="a">(swissbib)236707922-41slsp_network</subfield></datafield><datafield ind1=" " ind2=" " tag="035"><subfield code="a">236707922</subfield><subfield code="9">ExL</subfield></datafield><datafield ind1=" " ind2=" " tag="035"><subfield code="a">(RERO)R004180161-41slsp</subfield></datafield><datafield ind1=" " ind2=" " tag="035"><subfield code="a">(IDSSG)000349286HSB01</subfield></datafield><datafield ind1=" " ind2=" " tag="035"><subfield code="a">(IDSLU)000491513ILU01</subfield></datafield><datafield ind1=" " ind2=" " tag="035"><subfield code="a">(NEBIS)005206624EBI01</subfield></datafield><datafield ind1=" " ind2=" " tag="035"><subfield code="a">(EXLNZ-41SLSP_NETWORK)991132062209705501</subfield></datafield><datafield ind1=" " ind2=" " tag="040"><subfield code="a">RERO neubfd</subfield><subfield code="d">CH-ZuSLS</subfield></datafield><datafield ind1=" " ind2="7" tag="072"><subfield code="a">dr</subfield><subfield code="2">rero</subfield></datafield><datafield ind1=" " ind2="7" tag="072"><subfield code="a">826</subfield><subfield code="2">IDS LU</subfield></datafield><datafield ind1=" " ind2="7" tag="072"><subfield code="a">842</subfield><subfield code="2">IDS LU</subfield></datafield><datafield ind1="0" ind2="4" tag="082"><subfield code="a">344.43011</subfield><subfield code="2">22/ger</subfield></datafield><datafield ind1="7" ind2="4" tag="082"><subfield code="a">340</subfield><subfield code="2">23sdnb</subfield></datafield><datafield ind1=" " ind2=" " tag="084"><subfield code="a">CA/D 55 h</subfield><subfield code="2">cjurrom</subfield></datafield><datafield ind1=" " ind2=" " tag="084"><subfield code="a">CA/D 79.1 h</subfield><subfield code="2">cjurrom</subfield></datafield><datafield ind1=" " ind2=" " tag="084"><subfield code="a">A 55 h</subfield><subfield code="2">cjurrom</subfield></datafield><datafield ind1=" " ind2=" " tag="084"><subfield code="a">A 79.1 h</subfield><subfield code="2">cjurrom</subfield></datafield><datafield ind1="1" ind2=" " tag="100"><subfield code="a">Kuhn, Norbert</subfield><subfield code="0">(RERO)A003478703</subfield><subfield code="4">cre</subfield></datafield><datafield ind1="1" ind2="0" tag="245"><subfield code="a">Abgestuftes Arbeitsrecht am Beispiel des abhängigen GmbH-Geschäftsführers (mit europäischen Bezügen)</subfield><subfield code="c">Norbert Kuhn</subfield></datafield><datafield ind1=" " ind2="1" tag="264"><subfield code="a">Frankfurt am Main</subfield><subfield code="b">P. Lang</subfield><subfield code="c">2006</subfield></datafield><datafield ind1=" " ind2=" " tag="300"><subfield code="a">233 S.</subfield><subfield code="c">21 cm</subfield></datafield><datafield ind1=" " ind2=" " tag="336"><subfield code="b">txt</subfield><subfield code="2">rdacontent</subfield></datafield><datafield ind1=" " ind2=" " tag="337"><subfield code="b">n</subfield><subfield code="2">rdamedia</subfield></datafield><datafield ind1=" " ind2=" " tag="338"><subfield code="b">nc</subfield><subfield code="2">rdacarrier</subfield></datafield><datafield ind1="1" ind2=" " tag="490"><subfield code="a">Europäische Hochschulschriften. Reihe 2, Rechtswissenschaft</subfield><subfield code="v">Bd. 4414</subfield></datafield><datafield ind1=" " ind2=" " tag="502"><subfield code="a">Inaug.-Diss. Univ. Tübingen, 2006</subfield></datafield><datafield ind1="2" ind2="7" tag="610"><subfield code="a">Europäische Union</subfield><subfield code="0">(DE-588)5098525-5</subfield><subfield code="2">gnd</subfield></datafield><datafield ind1=" " ind2="7" tag="650"><subfield code="a">droit communautaire - influence exercée</subfield><subfield code="0">(RERO)A010075651</subfield><subfield code="2">rerovoc</subfield></datafield><datafield ind1=" " ind2="7" tag="650"><subfield code="a">Droit du travail</subfield><subfield code="0">(IDREF)050573063</subfield><subfield code="2">idref</subfield></datafield><datafield ind1=" " ind2="7" tag="650"><subfield code="a">société à responsabilité limitée</subfield><subfield code="0">(RERO)A010151415</subfield><subfield code="2">rerovoc</subfield></datafield><datafield ind1=" " ind2="7" tag="650"><subfield code="a">Droit comparé</subfield><subfield code="0">(IDREF)027741451</subfield><subfield code="2">idref</subfield></datafield><datafield ind1=" " ind2="7" tag="650"><subfield code="a">Gestion d'affaires (droit)</subfield><subfield code="0">(IDREF)027848701</subfield><subfield code="2">idref</subfield></datafield><datafield ind1=" " ind2="7" tag="650"><subfield code="a">GmbH</subfield><subfield code="0">(DE-588)4021365-1</subfield><subfield code="2">gnd</subfield></datafield><datafield ind1=" " ind2="7" tag="650"><subfield code="a">Geschäftsführer</subfield><subfield code="0">(DE-588)4020486-8</subfield><subfield code="2">gnd</subfield></datafield><datafield ind1=" " ind2="7" tag="650"><subfield code="a">Arbeitsrecht</subfield><subfield code="0">(DE-588)4002769-7</subfield><subfield code="2">gnd</subfield></datafield><datafield ind1=" " ind2="7" tag="650"><subfield code="a">Arbeitnehmer</subfield><subfield code="0">(DE-588)4002623-1</subfield><subfield code="2">gnd</subfield></datafield><datafield ind1=" " ind2="7" tag="650"><subfield code="a">GmbH</subfield><subfield code="2">idszbz</subfield></datafield><datafield ind1=" " ind2="7" tag="650"><subfield code="a">Geschäftsführung</subfield><subfield code="2">idszbz</subfield></datafield><datafield ind1=" " ind2="7" tag="650"><subfield code="a">Arbeitsrecht</subfield><subfield code="2">idszbz</subfield></datafield><datafield ind1=" " ind2="0" tag="650"><subfield code="a">Labor laws and legislation</subfield><subfield code="z">European Union countries</subfield></datafield><datafield ind1=" " ind2="0" tag="650"><subfield code="a">Labor laws and legislation</subfield><subfield code="z">Germany</subfield></datafield><datafield ind1=" " ind2="0" tag="650"><subfield code="a">Private companies</subfield><subfield code="z">European Union countries</subfield></datafield><datafield ind1=" " ind2="0" tag="650"><subfield code="a">Private companies</subfield><subfield code="z">Germany</subfield></datafield><datafield ind1=" " ind2="7" tag="651"><subfield code="a">Allemagne</subfield><subfield code="0">(IDREF)027218856</subfield><subfield code="2">idref</subfield></datafield><datafield ind1=" " ind2="7" tag="651"><subfield code="a">Autriche</subfield><subfield code="0">(IDREF)027229246</subfield><subfield code="2">idref</subfield></datafield><datafield ind1=" " ind2="7" tag="651"><subfield code="a">Espagne</subfield><subfield code="0">(IDREF)027224406</subfield><subfield code="2">idref</subfield></datafield><datafield ind1=" " ind2="7" tag="651"><subfield code="a">France</subfield><subfield code="0">(IDREF)027226794</subfield><subfield code="2">idref</subfield></datafield><datafield ind1=" " ind2="7" tag="651"><subfield code="a">Deutschland</subfield><subfield code="0">(DE-588)4011882-4</subfield><subfield code="2">gnd</subfield></datafield><datafield ind1=" " ind2="7" tag="651"><subfield code="a">Deutschland</subfield><subfield code="2">idszbz</subfield></datafield><datafield ind1=" " ind2="7" tag="655"><subfield code="a">Hochschulschrift</subfield><subfield code="2">gnd-content</subfield></datafield><datafield ind1=" " ind2=" " tag="690"><subfield code="a">Kündigungsschutz; Mutterschutz; Führungskräfte; Rechtsprechung; Führer; Stellung; Lohnfortzahlung; Grundrecht; Gesetz; Sozialversicherungsrecht; Literatur; Argument; Cc; Geschäftsführung; Arbeitsverhältnis; Arbeitsorganisation; Aa; Ee; Klassifikation; beschränkte Haftung; Abhängigkeit; Arbeitnehmer</subfield><subfield code="2">idssg-J</subfield></datafield><datafield ind1=" " ind2=" " tag="690"><subfield code="a">Fremdgeschäftsführer; Organstellung; Schutzbedürftigkeit; Arbeitszeitschutz; Bestandsschutz; Gefahrenschutz; Lohnschutz; Prozessschutz; Rechtslage; Weisungsrecht; Schlussfolgerunge; Arbeitszeugnisfreistellung; Hauptargument; Arbeitgeberaufgabe; Geschäftsführungsaufgabe; Ruhensrechtsprechung; Schutzvorschrift; Abhängigkeitsverhältnis; Arbeitgeberstellung; Doppelstellung; Eigenverantwortlichkeit; Organhierarchie; Schutzgesetz; Schutznorm; Analogievoraussetzung; Inhaltverzeichnis; Meinungsstand; Schutzbedürfnis; Gegenmeinung; Mindermeinung; Schutzbereich; Arbeitnehmerbegriff; Arbeitnehmerstatus; Bereichsausnahme; Gesetzeslücke; Lösungsweg; Problemfeld; Stellungnahme; Tatbestand; Treuepflicht; Vertretungsmacht; Vertretungsorgan; Zivilgericht; Zwischenergebnis</subfield><subfield code="2">idssg-J</subfield></datafield><datafield ind1=" " ind2=" " tag="690"><subfield code="a">ausgewählter Staat; herrschende Lehre; sonstige Regelung; zwingender Grundsatz; abgestuftes Arbeitsrecht; abhängig Gmb; allgemeine Analogievoraussetzung; alternativer Lösungsweg; anwendbares Schutzgesetz; anwendbare Vorschrift; arbeitnehmerähnlicher Geschäftsführer; arbeitnehmerähnliche Person; arbeitsrechtliche Bereichsausnahme; arbeitsrechtliche Bestimmung; arbeitsrechtlicher Gleichbehandlungsgrundsatz; arbeitsrechtlicher Grundsatz; arbeitsrechtlicher Schutz; arbeitsrechtliche Schutzvorschrift; ausdrückliche Erwähnung; betriebliche Übung; eigene Arbeitskraft; eigene Einteilung; eigene Schlussfolgerunge; eigene Stellungnahme; einzelnes Problemfeld; entsprechende Anwendung; erster Teil; europäischer Bezug; europäischer Staat; gesellschaftsrechtlicher Grundsatz; gesellschaftsrechtliches Weisungsrecht; jeweiliger Schutzbereich; jeweilige Schutznorm; juristische Lehre; juristische Literatur; leitender Angestellter; notwendig Geschäftsführungs; notwendiges Vertretungsorgan; organschaftliche Vertretungsmacht; ruhendes Arbeitsverhältnis; schutzbedürftiger Selbstständiger; sonstige Pflicht; sonstiger Rechter; sozial Schutzbedürfhisses; soziales Schutzbedürfnis; soziale Schutzbedürftigkeit; verbleibender Unterschied; vergleichbare Schutzbedürftigkeit; wirtschaftliche Abhängigkeit; zusätzliche Berücksichtigung; zweiter Teil; zwingende Regelung; übergeordnetes Kriterium</subfield><subfield code="2">idssg-J</subfield></datafield><datafield ind1=" " ind2=" " tag="690"><subfield code="a">Frankreich C4EUFR; Österreich C4EUAU; Spanien C4EUSP; Europa C4E</subfield><subfield code="2">idssg-J</subfield></datafield><datafield ind1=" " ind2=" " tag="690"><subfield code="a">abgestuft Arbeitsrecht Hromadkas; Bezug Norbert Kuhn Abgestuftes Arbeitsrecht; Bezug PETER LANG Europäischer; Peter LANG; sozial Schutzbedürftigkeit Abhängigkeitsverhältnis; Wissenschaft Inhaltverzeichnis Einleitung Gegenstand</subfield><subfield code="2">idssg-J</subfield></datafield><datafield ind1=" " ind2=" " tag="691"><subfield code="e">PC 55 D</subfield><subfield code="2">rzs-L1</subfield></datafield><datafield ind1=" " ind2=" " tag="691"><subfield code="e">PC 55</subfield><subfield code="2">rzs-L1</subfield></datafield><datafield ind1=" " ind2=" " tag="691"><subfield code="e">PC 79.3 D</subfield><subfield code="2">rzs-L1</subfield></datafield><datafield ind1="4" ind2=" " tag="856"><subfield code="u">https://tools.unisg.ch/url/hm00153667</subfield><subfield code="z">Inhaltsverzeichnis</subfield></datafield><datafield ind1=" " ind2="0" tag="830"><subfield code="a">Europäische Hochschulschriften</subfield><subfield code="p">Reihe 2, Rechtswissenschaft</subfield><subfield code="v">4414</subfield><subfield code="w">(NEBIS)000058234EBI01</subfield></datafield><datafield ind1=" " ind2="0" tag="830"><subfield code="a">Europäische Hochschulschriften</subfield><subfield code="n">Série 2</subfield><subfield code="n">Series 2</subfield><subfield code="p">Reihe 2, Rechtswissenschaft</subfield><subfield code="p">sciences juridiques = European university papers</subfield><subfield code="p">Law</subfield><subfield code="v">4414</subfield><subfield code="w">(IDSLU)000180364ILU01</subfield></datafield><datafield ind1=" " ind2=" " tag="900"><subfield code="a">IDSZ2zbzmon200607e</subfield><subfield code="c">IDSZ2kuns</subfield><subfield code="d">IDSZ2zbzswk200608b</subfield><subfield code="e">IDSZ2bruu</subfield></datafield><datafield ind1=" " ind2=" " tag="949"><subfield code="a">https://tools.unisg.ch/url/hm00153667</subfield></datafield></record>
</metadata></record>