<record><header><identifier>oai:alma.41SLSP_UGE:991000014019705502</identifier><datestamp>2024-03-15T01:27:29Z</datestamp><setSpec>uge_bcen_RapidILL_BOOK</setSpec><setSpec>uge_aaca_RapidILL_BOOK</setSpec><setSpec>uge_abels_RapidILL_BOOK</setSpec><setSpec>uge_dbu_RapidILL_BOOK</setSpec><setSpec>uge_cmu_RapidILL_BOOK</setSpec><setSpec>uge_mail_RapidILL_BOOK</setSpec><setSpec>uge_abbat_RapidILL_BOOK</setSpec><setSpec>UNIGE_ALL</setSpec><setSpec>uge_aobs_RapidILL_BOOK</setSpec><setSpec>uge_acar_RapidILL_BOOK</setSpec></header><metadata>
<record xmlns="http://www.loc.gov/MARC21/slim" xmlns:xsi="http://www.w3.org/2001/XMLSchema-instance" xsi:schemaLocation="http://www.loc.gov/MARC21/slim http://www.loc.gov/standards/marcxml/schema/MARC21slim.xsd"><leader>01150nam a2200301uca4500</leader><controlfield tag="001">991000014019705502</controlfield><controlfield tag="005">20240314035211.0</controlfield><controlfield tag="008">201011m18941927gw            00| | ger d</controlfield><datafield ind1=" " ind2=" " tag="019"><subfield code="a">Übergeordnete Aufnahme = Niveau supérieur = Livello superiore</subfield><subfield code="5">SLSP/2020</subfield></datafield><datafield ind1=" " ind2=" " tag="035"><subfield code="a">(swissbib)221521623-41slsp_network</subfield></datafield><datafield ind1=" " ind2=" " tag="035"><subfield code="a">221521623</subfield><subfield code="9">ExL</subfield></datafield><datafield ind1=" " ind2=" " tag="035"><subfield code="a">(IDSBB)001273050DSV01</subfield></datafield><datafield ind1=" " ind2=" " tag="035"><subfield code="a">(RERO)1090263-41slsp</subfield></datafield><datafield ind1=" " ind2=" " tag="035"><subfield code="a">(EXLNZ-41SLSP_NETWORK)991152216019705501</subfield></datafield><datafield ind1=" " ind2=" " tag="040"><subfield code="a">SzZuIDS BS/BE A182</subfield><subfield code="b">ger</subfield><subfield code="e">kids</subfield><subfield code="d">CH-ZuSLS</subfield></datafield><datafield ind1=" " ind2="7" tag="072"><subfield code="a">mt</subfield><subfield code="2">SzZuIDS BS/BE</subfield></datafield><datafield ind1=" " ind2="7" tag="072"><subfield code="a">ma</subfield><subfield code="2">rero</subfield></datafield><datafield ind1="1" ind2="4" tag="082"><subfield code="a">510</subfield><subfield code="2">15</subfield></datafield><datafield ind1=" " ind2=" " tag="084"><subfield code="a">01.40</subfield><subfield code="2">msc</subfield></datafield><datafield ind1="1" ind2=" " tag="100"><subfield code="a">Weierstraß, Karl</subfield><subfield code="d">1815-1897</subfield><subfield code="0">(DE-588)11876618X</subfield></datafield><datafield ind1="1" ind2="0" tag="245"><subfield code="a">Mathematische Werke</subfield><subfield code="c">von Karl Weierstrass ; hrsg. unter Mitwirkung einer von der Königlich Preussischen Akademie der Wissenschaften eingesetzten Commission</subfield></datafield><datafield ind1=" " ind2="1" tag="264"><subfield code="a">Berlin</subfield><subfield code="b">Mayer und Müller</subfield><subfield code="c">1894-1927</subfield></datafield><datafield ind1=" " ind2=" " tag="300"><subfield code="a">7 Bde.</subfield><subfield code="c">28 cm</subfield></datafield><datafield ind1=" " ind2=" " tag="336"><subfield code="b">txt</subfield><subfield code="2">rdacontent</subfield></datafield><datafield ind1=" " ind2=" " tag="337"><subfield code="b">n</subfield><subfield code="2">rdamedia</subfield></datafield><datafield ind1=" " ind2=" " tag="338"><subfield code="b">nc</subfield><subfield code="2">rdacarrier</subfield></datafield><datafield ind1="1" ind2=" " tag="700"><subfield code="a">Weierstrass, Karl</subfield><subfield code="0">(RERO)A003963679</subfield><subfield code="4">cre</subfield></datafield><datafield ind1="2" ind2=" " tag="710"><subfield code="a">Preußische Akademie der Wissenschaften</subfield><subfield code="0">(DE-588)35495-8</subfield></datafield><datafield ind1=" " ind2=" " tag="900"><subfield code="a">REROnoselfmerge</subfield></datafield></record>
</metadata></record>