<record><header><identifier>oai:alma.41SLSP_UGE:991000013809705502</identifier><datestamp>2024-01-19T01:22:13Z</datestamp><setSpec>uge_bcen_RapidILL_BOOK</setSpec><setSpec>uge_aaca_RapidILL_BOOK</setSpec><setSpec>uge_abels_RapidILL_BOOK</setSpec><setSpec>uge_dbu_RapidILL_BOOK</setSpec><setSpec>uge_cmu_RapidILL_BOOK</setSpec><setSpec>uge_mail_RapidILL_BOOK</setSpec><setSpec>uge_abbat_RapidILL_BOOK</setSpec><setSpec>UNIGE_ALL</setSpec><setSpec>uge_aobs_RapidILL_BOOK</setSpec><setSpec>uge_acar_RapidILL_BOOK</setSpec></header><metadata>
<record xmlns="http://www.loc.gov/MARC21/slim" xmlns:xsi="http://www.w3.org/2001/XMLSchema-instance" xsi:schemaLocation="http://www.loc.gov/MARC21/slim http://www.loc.gov/standards/marcxml/schema/MARC21slim.xsd"><leader>02729nam a2200649 c 4500</leader><controlfield tag="001">991000013809705502</controlfield><controlfield tag="005">20240118140225.0</controlfield><controlfield tag="008">201012s2017    fr       m||| 000 0 fre|d</controlfield><datafield ind1=" " ind2=" " tag="020"><subfield code="a">2705694692</subfield></datafield><datafield ind1=" " ind2=" " tag="020"><subfield code="a">9782705694692</subfield><subfield code="q">Broché</subfield></datafield><datafield ind1="7" ind2=" " tag="024"><subfield code="a">http://catalogue.bnf.fr/ark:/12148/cb45360651g</subfield><subfield code="2">uri</subfield></datafield><datafield ind1=" " ind2=" " tag="035"><subfield code="a">(swissbib)242279473-41slsp_network</subfield></datafield><datafield ind1=" " ind2=" " tag="035"><subfield code="a">242279473</subfield><subfield code="9">ExL</subfield></datafield><datafield ind1=" " ind2=" " tag="035"><subfield code="a">(IDSBB)006730407DSV01</subfield></datafield><datafield ind1=" " ind2=" " tag="035"><subfield code="a">(NEBIS)011027594EBI01</subfield></datafield><datafield ind1=" " ind2=" " tag="035"><subfield code="a">(RERO)R008692078-41slsp</subfield></datafield><datafield ind1=" " ind2=" " tag="035"><subfield code="a">(OCoLC)1003050862</subfield></datafield><datafield ind1=" " ind2=" " tag="035"><subfield code="a">(EXLNZ-41SLSP_NETWORK)991145169619705501</subfield></datafield><datafield ind1=" " ind2=" " tag="040"><subfield code="a">DEBSZ</subfield><subfield code="b">ger</subfield><subfield code="e">rda</subfield><subfield code="d">CH-ZuSLS</subfield></datafield><datafield ind1=" " ind2="4" tag="050"><subfield code="a">PQ</subfield></datafield><datafield ind1=" " ind2="7" tag="072"><subfield code="a">fr</subfield><subfield code="2">rero</subfield></datafield><datafield ind1="1" ind2=" " tag="080"><subfield code="a">840&quot;16&quot;BOU.E8</subfield></datafield><datafield ind1="1" ind2="4" tag="082"><subfield code="a">841</subfield><subfield code="2">15</subfield></datafield><datafield ind1="1" ind2="4" tag="082"><subfield code="a">840</subfield><subfield code="2">15</subfield></datafield><datafield ind1=" " ind2=" " tag="084"><subfield code="a">IF 7060</subfield><subfield code="2">rvk</subfield></datafield><datafield ind1="1" ind2=" " tag="100"><subfield code="6">880-01</subfield><subfield code="a">Croft, Marie-Ange</subfield><subfield code="d">1981-</subfield><subfield code="0">(DE-588)1137521244</subfield><subfield code="e">Verfasser</subfield><subfield code="4">aut</subfield></datafield><datafield ind1="1" ind2=" " tag="880"><subfield code="6">100-01</subfield><subfield code="a">Croft, Marie-Ange</subfield><subfield code="0">(IDREF)182490084</subfield><subfield code="4">cre</subfield></datafield><datafield ind1="1" ind2="0" tag="245"><subfield code="a">Edme Boursault, de la farce à la fable (1661-1701)</subfield><subfield code="c">Marie-Ange Croft</subfield></datafield><datafield ind1=" " ind2="1" tag="264"><subfield code="a">Paris</subfield><subfield code="b">Hermann</subfield><subfield code="c">[2017]</subfield></datafield><datafield ind1=" " ind2=" " tag="300"><subfield code="a">458 Seiten</subfield><subfield code="c">23 cm</subfield></datafield><datafield ind1=" " ind2=" " tag="336"><subfield code="b">txt</subfield><subfield code="2">rdacontent</subfield></datafield><datafield ind1=" " ind2=" " tag="337"><subfield code="b">n</subfield><subfield code="2">rdamedia</subfield></datafield><datafield ind1=" " ind2=" " tag="338"><subfield code="b">nc</subfield><subfield code="2">rdacarrier</subfield></datafield><datafield ind1="0" ind2=" " tag="490"><subfield code="a">La République des lettres. Études</subfield></datafield><datafield ind1=" " ind2=" " tag="502"><subfield code="g">überarbeitete</subfield><subfield code="b">Dissertation</subfield><subfield code="c">Université du Québec, université de Paris Ouest Nanterre La Défense</subfield><subfield code="d">2014</subfield></datafield><datafield ind1=" " ind2=" " tag="504"><subfield code="a">Includes bibliographical references and index</subfield></datafield><datafield ind1="1" ind2="7" tag="600"><subfield code="a">Boursault, Edme</subfield><subfield code="d">1638-1701</subfield><subfield code="0">(DE-588)118662414</subfield><subfield code="2">gnd</subfield></datafield><datafield ind1="1" ind2="7" tag="600"><subfield code="a">Boursault, Edme</subfield><subfield code="d">1638-1701</subfield><subfield code="x">Critique et interprétation</subfield><subfield code="2">ram</subfield></datafield><datafield ind1="1" ind2="0" tag="600"><subfield code="a">Boursault</subfield><subfield code="q">Edme</subfield><subfield code="c">M</subfield><subfield code="d">1638-1701</subfield><subfield code="x">Appreciation</subfield></datafield><datafield ind1="1" ind2="0" tag="600"><subfield code="a">Boursault</subfield><subfield code="q">Edme</subfield><subfield code="c">M</subfield><subfield code="d">1638-1701</subfield><subfield code="x">Criticism and interpretation</subfield></datafield><datafield ind1="1" ind2="0" tag="600"><subfield code="a">Boursault</subfield><subfield code="q">Edme</subfield><subfield code="c">M</subfield><subfield code="d">1638-1701</subfield><subfield code="x">Friends and associates</subfield></datafield><datafield ind1="1" ind2="0" tag="600"><subfield code="a">Boursault</subfield><subfield code="q">Edme</subfield><subfield code="c">M</subfield><subfield code="d">1638-1701</subfield><subfield code="x">Themes, motives</subfield></datafield><datafield ind1="1" ind2="7" tag="600"><subfield code="a">Boursault, Edme</subfield><subfield code="d">1638-1701</subfield><subfield code="0">(IDREF)026746859</subfield><subfield code="2">idref</subfield></datafield><datafield ind1=" " ind2="7" tag="648"><subfield code="a">Geschichte 1661-1701</subfield><subfield code="2">gnd</subfield></datafield><datafield ind1=" " ind2="7" tag="650"><subfield code="a">Komödie</subfield><subfield code="0">(DE-588)4031952-0</subfield><subfield code="2">gnd</subfield></datafield><datafield ind1=" " ind2="0" tag="650"><subfield code="a">Comic, The, in literature</subfield></datafield><datafield ind1=" " ind2="0" tag="650"><subfield code="a">Dramatists, French</subfield><subfield code="y">17th century</subfield><subfield code="x">Social conditions</subfield></datafield><datafield ind1=" " ind2="7" tag="650"><subfield code="a">Comédie française</subfield><subfield code="0">(IDREF)028206851</subfield><subfield code="2">idref</subfield></datafield><datafield ind1=" " ind2="7" tag="650"><subfield code="a">17e siècle (2e moitié)</subfield><subfield code="0">(RERO)A023081519</subfield><subfield code="2">rero</subfield></datafield><datafield ind1=" " ind2="7" tag="655"><subfield code="a">Hochschulschrift</subfield><subfield code="2">gnd-content</subfield></datafield><datafield ind1=" " ind2="7" tag="655"><subfield code="a">Thèses et écrits académiques</subfield><subfield code="0">(IDREF)027253139</subfield><subfield code="2">idref</subfield></datafield><datafield ind1=" " ind2="7" tag="655"><subfield code="a">Tesi</subfield><subfield code="2">sbt12-content</subfield></datafield><datafield ind1="4" ind2=" " tag="856"><subfield code="3">Titelblatt und Inhaltsverzeichnis</subfield><subfield code="u">https://toc.library.ethz.ch/objects/pdf03/z01_978-2-7056-9469-2_01.pdf</subfield><subfield code="q">pdf</subfield></datafield><datafield ind1=" " ind2=" " tag="900"><subfield code="a">IDSDSStoppsignal FRED</subfield></datafield><datafield ind1=" " ind2=" " tag="900"><subfield code="a">IDSZ2zbzmon201801f</subfield><subfield code="c">IDSZ2werm</subfield><subfield code="d">IDSZ2zbzswk201802g</subfield><subfield code="e">IDSZ2lanz</subfield></datafield><datafield ind1=" " ind2=" " tag="900"><subfield code="a">REROnoselfmerge</subfield></datafield><datafield ind1=" " ind2=" " tag="900"><subfield code="a">Stoppsignal FRED</subfield><subfield code="x">UBE/B498/202401</subfield></datafield><datafield ind1=" " ind2=" " tag="949"><subfield code="a">https://toc.library.ethz.ch/objects/pdf03/z01_978-2-7056-9469-2_01.pdf</subfield></datafield></record>
</metadata></record>