<record><header><identifier>oai:alma.41SLSP_UGE:991000013389705502</identifier><datestamp>2024-07-31T00:14:37Z</datestamp><setSpec>uge_cmu_RapidILL_JOURNAL</setSpec><setSpec>uge_aobs_RapidILL_JOURNAL</setSpec><setSpec>uge_aaca_RapidILL_JOURNAL</setSpec><setSpec>uge_abbat_RapidILL_JOURNAL</setSpec><setSpec>uge_bcen_RapidILL_JOURNAL</setSpec><setSpec>uge_mail_RapidILL_JOURNAL</setSpec><setSpec>uge_dbu_RapidILL_JOURNAL</setSpec><setSpec>uge_abels_RapidILL_JOURNAL</setSpec><setSpec>UNIGE_ALL</setSpec><setSpec>uge_acar_RapidILL_JOURNAL</setSpec></header><metadata>
<record xmlns="http://www.loc.gov/MARC21/slim" xmlns:xsi="http://www.w3.org/2001/XMLSchema-instance" xsi:schemaLocation="http://www.loc.gov/MARC21/slim http://www.loc.gov/standards/marcxml/schema/MARC21slim.xsd"><leader>02072nas a2200505 c 4500</leader><controlfield tag="001">991000013389705502</controlfield><controlfield tag="005">20240730050251.0</controlfield><controlfield tag="008">201012c19909999it  | p       0    |ita  </controlfield><datafield ind1=" " ind2=" " tag="019"><subfield code="a">ZDB-ID: 1106645-3</subfield></datafield><datafield ind1=" " ind2=" " tag="022"><subfield code="a">1121-8819</subfield></datafield><datafield ind1=" " ind2=" " tag="035"><subfield code="a">(swissbib)242417086-41slsp_network</subfield></datafield><datafield ind1=" " ind2=" " tag="035"><subfield code="a">242417086</subfield><subfield code="9">ExL</subfield></datafield><datafield ind1=" " ind2=" " tag="035"><subfield code="a">(NEBIS)007971640EBI01</subfield></datafield><datafield ind1=" " ind2=" " tag="035"><subfield code="a">(RERO)1767781-41slsp</subfield></datafield><datafield ind1=" " ind2=" " tag="035"><subfield code="a">(EXLNZ-41SLSP_NETWORK)991070014589705501</subfield></datafield><datafield ind1=" " ind2=" " tag="040"><subfield code="a">SzZuIDS NEBIS UZH</subfield><subfield code="d">CH-ZuSLS</subfield></datafield><datafield ind1="0" ind2=" " tag="041"><subfield code="a">eng</subfield><subfield code="a">fre</subfield><subfield code="a">ger</subfield><subfield code="a">ita</subfield><subfield code="a">spa</subfield></datafield><datafield ind1=" " ind2=" " tag="050"><subfield code="a">PA9</subfield><subfield code="b">.E46</subfield></datafield><datafield ind1=" " ind2="7" tag="072"><subfield code="a">lg</subfield><subfield code="2">rero</subfield></datafield><datafield ind1="0" ind2="4" tag="082"><subfield code="a">480.05</subfield><subfield code="2">21</subfield></datafield><datafield ind1=" " ind2=" " tag="084"><subfield code="a">FB 2025</subfield><subfield code="2">rvk</subfield></datafield><datafield ind1="0" ind2=" " tag="210"><subfield code="a">Eikasmos</subfield><subfield code="b">Bologna</subfield></datafield><datafield ind1=" " ind2="0" tag="222"><subfield code="a">Eikasmos</subfield><subfield code="b">Bologna</subfield></datafield><datafield ind1="0" ind2="0" tag="245"><subfield code="a">Eikasmos</subfield><subfield code="b">quaderni Bolognesi di filologia classica</subfield><subfield code="c">Dipartimento di Filologia Classica e Medioevale dell'Università di Bologna</subfield></datafield><datafield ind1=" " ind2="1" tag="264"><subfield code="a">Bologna</subfield><subfield code="b">Università di Bologna, Dipartimento di Filologia Classica e Medioevale</subfield><subfield code="3">&lt;anfangs&gt;</subfield></datafield><datafield ind1=" " ind2=" " tag="300"><subfield code="c">24 cm</subfield></datafield><datafield ind1=" " ind2=" " tag="310"><subfield code="a">Jährlich</subfield></datafield><datafield ind1=" " ind2=" " tag="336"><subfield code="b">txt</subfield><subfield code="2">rdacontent</subfield></datafield><datafield ind1=" " ind2=" " tag="337"><subfield code="b">n</subfield><subfield code="2">rdamedia</subfield></datafield><datafield ind1=" " ind2=" " tag="338"><subfield code="b">nc</subfield><subfield code="2">rdacarrier</subfield></datafield><datafield ind1="0" ind2=" " tag="362"><subfield code="a">Vol. 1 (1990)-</subfield></datafield><datafield ind1=" " ind2=" " tag="500"><subfield code="a">Text italienisch, deutsch, französisch, englisch und spanisch</subfield></datafield><datafield ind1=" " ind2=" " tag="500"><subfield code="a">Vol. 1 (1990) mit Titel in griech. Schrift</subfield></datafield><datafield ind1=" " ind2=" " tag="500"><subfield code="a">Heft 4 (1993) mit individuellem Titel</subfield></datafield><datafield ind1=" " ind2="7" tag="650"><subfield code="a">Klassische Philologie</subfield><subfield code="0">(DE-588)4164044-5</subfield><subfield code="2">gnd</subfield></datafield><datafield ind1=" " ind2="0" tag="650"><subfield code="a">Classical philology</subfield><subfield code="v">Periodicals</subfield></datafield><datafield ind1=" " ind2="7" tag="650"><subfield code="a">Philologie classique</subfield><subfield code="0">(IDREF)02724668X</subfield><subfield code="2">idref</subfield></datafield><datafield ind1=" " ind2="7" tag="655"><subfield code="a">Zeitschrift</subfield><subfield code="2">gnd-content</subfield></datafield><datafield ind1=" " ind2="7" tag="655"><subfield code="a">Périodiques</subfield><subfield code="0">(IDREF)02724640X</subfield><subfield code="2">idref</subfield></datafield><datafield ind1="2" ind2=" " tag="710"><subfield code="a">Università di Bologna</subfield><subfield code="b">Dipartimento di filologia classica e medioevale</subfield><subfield code="0">(DE-588)5016487-9</subfield><subfield code="6">880-02</subfield></datafield><datafield ind1="2" ind2=" " tag="880"><subfield code="a">Università di Bologna</subfield><subfield code="b">Dipartimento di filologia classica e medioevale</subfield><subfield code="0">(RERO)A012366878</subfield><subfield code="6">710-02</subfield></datafield><datafield ind1="0" ind2=" " tag="770"><subfield code="t">Eikasmos. Studi</subfield><subfield code="w">(swissbib)242428185-41slsp_network</subfield></datafield><datafield ind1="4" ind2="2" tag="856"><subfield code="3">Titelblatt und Inhaltsverzeichnis</subfield><subfield code="q">PDF</subfield><subfield code="u">https://urn.ub.unibe.ch/urn:ch:slsp:zbz:991070014589705501:ihv:pdf</subfield></datafield><datafield ind1=" " ind2=" " tag="900"><subfield code="a">NEBISnoselfmerge</subfield></datafield><datafield ind1=" " ind2=" " tag="900"><subfield code="a">REROnoselfmerge</subfield></datafield><datafield ind1=" " ind2=" " tag="949"><subfield code="a">https://urn.ub.unibe.ch/urn:ch:slsp:zbz:991070014589705501:ihv:pdf</subfield></datafield></record>
</metadata></record>