<record><header><identifier>oai:alma.41SLSP_UGE:991000014119705502</identifier><datestamp>2023-03-01T01:08:59Z</datestamp><setSpec>uge_bcen_RapidILL_BOOK</setSpec><setSpec>uge_aaca_RapidILL_BOOK</setSpec><setSpec>uge_abels_RapidILL_BOOK</setSpec><setSpec>uge_dbu_RapidILL_BOOK</setSpec><setSpec>uge_cmu_RapidILL_BOOK</setSpec><setSpec>uge_mail_RapidILL_BOOK</setSpec><setSpec>UNIGE_ALL</setSpec><setSpec>uge_abbat_RapidILL_BOOK</setSpec><setSpec>uge_aobs_RapidILL_BOOK</setSpec><setSpec>uge_acar_RapidILL_BOOK</setSpec></header><metadata>
<record xmlns="http://www.loc.gov/MARC21/slim" xmlns:xsi="http://www.w3.org/2001/XMLSchema-instance" xsi:schemaLocation="http://www.loc.gov/MARC21/slim http://www.loc.gov/standards/marcxml/schema/MARC21slim.xsd"><leader>01020nam a2200253 c 4500</leader><controlfield tag="001">991000014119705502</controlfield><controlfield tag="005">20201227135213.0</controlfield><controlfield tag="008">000811s1951    xr ||||| |||| 00| ||cze d</controlfield><datafield ind1=" " ind2=" " tag="035"><subfield code="a">(swissbib)094558779-41slsp_network</subfield></datafield><datafield ind1=" " ind2=" " tag="035"><subfield code="a">094558779</subfield><subfield code="9">ExL</subfield></datafield><datafield ind1=" " ind2=" " tag="035"><subfield code="a">(RERO)R252284560-41slsp</subfield></datafield><datafield ind1=" " ind2=" " tag="035"><subfield code="a">(EXLNZ-41SLSP_NETWORK)991068506129705501</subfield></datafield><datafield ind1=" " ind2=" " tag="040"><subfield code="a">RERO gevbpu</subfield><subfield code="d">CH-ZuSLS</subfield></datafield><datafield ind1=" " ind2="7" tag="072"><subfield code="a">th</subfield><subfield code="2">rero</subfield></datafield><datafield ind1="1" ind2=" " tag="100"><subfield code="a">Calvin, Jean</subfield><subfield code="d">1509-1564</subfield><subfield code="0">(IDREF)026763362</subfield><subfield code="4">cre</subfield></datafield><datafield ind1="1" ind2="0" tag="245"><subfield code="a">Instituce</subfield><subfield code="b">učení k}rest'anského nábo}zenství</subfield><subfield code="c">Jan Calvin ; p}relo}zil, úvodem a poznámkami opat}ril F. M. Dobias</subfield></datafield><datafield ind1=" " ind2="1" tag="264"><subfield code="a">Praha</subfield><subfield code="b">Komenského evangelická Fakulta bohoslovecká</subfield><subfield code="c">1951</subfield></datafield><datafield ind1=" " ind2=" " tag="300"><subfield code="a">XXX, 342 p.</subfield><subfield code="c">22 cm</subfield></datafield><datafield ind1=" " ind2=" " tag="336"><subfield code="b">txt</subfield><subfield code="2">rdacontent</subfield></datafield><datafield ind1=" " ind2=" " tag="337"><subfield code="b">n</subfield><subfield code="2">rdamedia</subfield></datafield><datafield ind1=" " ind2=" " tag="338"><subfield code="b">nc</subfield><subfield code="2">rdacarrier</subfield></datafield><datafield ind1="1" ind2=" " tag="490"><subfield code="a">Spisy Komenského evangelické Fakulty bohoslovecké. Rada A</subfield><subfield code="v">sv. 16</subfield></datafield><datafield ind1="1" ind2=" " tag="700"><subfield code="a">Dobiáš, Frantisek Mrázek</subfield><subfield code="0">(RERO)A018839076</subfield></datafield><datafield ind1=" " ind2=" " tag="830"><subfield code="a">Spisy Komenského evangelické fakulty bohoslovecké</subfield><subfield code="p">Řada A.</subfield><subfield code="v">sv. 22</subfield><subfield code="w">(RERO)0808230-41slsp</subfield></datafield><datafield ind1=" " ind2=" " tag="900"><subfield code="a">REROnoselfmerge</subfield></datafield></record>
</metadata></record>