<record><header><identifier>oai:alma.41SLSP_UGE:991000014349705502</identifier><datestamp>2023-03-01T01:08:59Z</datestamp><setSpec>uge_bcen_RapidILL_BOOK</setSpec><setSpec>uge_aaca_RapidILL_BOOK</setSpec><setSpec>uge_abels_RapidILL_BOOK</setSpec><setSpec>uge_dbu_RapidILL_BOOK</setSpec><setSpec>uge_cmu_RapidILL_BOOK</setSpec><setSpec>uge_mail_RapidILL_BOOK</setSpec><setSpec>UNIGE_ALL</setSpec><setSpec>uge_abbat_RapidILL_BOOK</setSpec><setSpec>uge_aobs_RapidILL_BOOK</setSpec><setSpec>uge_acar_RapidILL_BOOK</setSpec></header><metadata>
<record xmlns="http://www.loc.gov/MARC21/slim" xmlns:xsi="http://www.w3.org/2001/XMLSchema-instance" xsi:schemaLocation="http://www.loc.gov/MARC21/slim http://www.loc.gov/standards/marcxml/schema/MARC21slim.xsd"><leader>01095nam a2200325 c 4500</leader><controlfield tag="001">991000014349705502</controlfield><controlfield tag="005">20230130193613.0</controlfield><controlfield tag="008">201012s1966    ne ||||| |||| 00| ||eng d</controlfield><datafield ind1=" " ind2=" " tag="035"><subfield code="a">(swissbib)239902076-41slsp_network</subfield></datafield><datafield ind1=" " ind2=" " tag="035"><subfield code="a">239902076</subfield><subfield code="9">ExL</subfield></datafield><datafield ind1=" " ind2=" " tag="035"><subfield code="a">(RERO)1946333-41slsp</subfield></datafield><datafield ind1=" " ind2=" " tag="035"><subfield code="a">(IDSBB)004125663DSV01</subfield></datafield><datafield ind1=" " ind2=" " tag="035"><subfield code="a">(EXLNZ-41SLSP_NETWORK)991054447909705501</subfield></datafield><datafield ind1=" " ind2=" " tag="040"><subfield code="a">RERO lascl-</subfield><subfield code="d">CH-ZuSLS</subfield></datafield><datafield ind1=" " ind2="7" tag="072"><subfield code="a">zo</subfield><subfield code="2">rero</subfield></datafield><datafield ind1=" " ind2="7" tag="072"><subfield code="a">ps</subfield><subfield code="2">rero</subfield></datafield><datafield ind1="1" ind2=" " tag="100"><subfield code="a">Tinbergen, Nikolaas</subfield><subfield code="d">1907-1988</subfield><subfield code="0">(DE-588)11880233X</subfield><subfield code="6">880-01</subfield></datafield><datafield ind1="1" ind2=" " tag="880"><subfield code="a">Tinbergen, Nikolaas</subfield><subfield code="0">(RERO)A003902101</subfield><subfield code="4">cre</subfield><subfield code="6">100-01</subfield></datafield><datafield ind1="1" ind2="0" tag="245"><subfield code="a">Animal behaviour</subfield><subfield code="c">by Niko Tinbergen ; and the ed. of Life</subfield></datafield><datafield ind1=" " ind2="1" tag="264"><subfield code="a">[Amsterdam]</subfield><subfield code="b">Time-Life International</subfield><subfield code="c">[1966]</subfield></datafield><datafield ind1=" " ind2="4" tag="264"><subfield code="c">© 1966</subfield></datafield><datafield ind1=" " ind2=" " tag="300"><subfield code="a">200 p.</subfield><subfield code="b">ill.</subfield><subfield code="c">28 cm</subfield></datafield><datafield ind1=" " ind2=" " tag="336"><subfield code="b">txt</subfield><subfield code="2">rdacontent</subfield></datafield><datafield ind1=" " ind2=" " tag="337"><subfield code="b">n</subfield><subfield code="2">rdamedia</subfield></datafield><datafield ind1=" " ind2=" " tag="338"><subfield code="b">nc</subfield><subfield code="2">rdacarrier</subfield></datafield><datafield ind1="1" ind2=" " tag="490"><subfield code="a">Life nature library</subfield></datafield><datafield ind1=" " ind2="7" tag="650"><subfield code="a">Animaux</subfield><subfield code="0">(IDREF)027243745</subfield><subfield code="2">idref</subfield></datafield><datafield ind1=" " ind2="7" tag="650"><subfield code="a">Attitude</subfield><subfield code="0">(IDREF)027489515</subfield><subfield code="2">idref</subfield></datafield><datafield ind1="2" ind2=" " tag="710"><subfield code="a">Time-Life International</subfield><subfield code="0">(RERO)A000162446</subfield></datafield><datafield ind1=" " ind2=" " tag="830"><subfield code="a">Life nature library</subfield><subfield code="w">(RERO)0722570-41slsp</subfield></datafield><datafield ind1=" " ind2=" " tag="900"><subfield code="a">REROnoselfmerge</subfield></datafield></record>
</metadata></record>