<record><header><identifier>oai:alma.41SLSP_UGE:991000013829705502</identifier><datestamp>2023-03-01T01:08:59Z</datestamp><setSpec>uge_bcen_RapidILL_BOOK</setSpec><setSpec>uge_aaca_RapidILL_BOOK</setSpec><setSpec>uge_abels_RapidILL_BOOK</setSpec><setSpec>uge_dbu_RapidILL_BOOK</setSpec><setSpec>uge_cmu_RapidILL_BOOK</setSpec><setSpec>uge_mail_RapidILL_BOOK</setSpec><setSpec>UNIGE_ALL</setSpec><setSpec>uge_abbat_RapidILL_BOOK</setSpec><setSpec>uge_aobs_RapidILL_BOOK</setSpec><setSpec>uge_acar_RapidILL_BOOK</setSpec></header><metadata>
<record xmlns="http://www.loc.gov/MARC21/slim" xmlns:xsi="http://www.w3.org/2001/XMLSchema-instance" xsi:schemaLocation="http://www.loc.gov/MARC21/slim http://www.loc.gov/standards/marcxml/schema/MARC21slim.xsd"><leader>01586nam a2200385uc 4500</leader><controlfield tag="001">991000013829705502</controlfield><controlfield tag="005">20211016120453.0</controlfield><controlfield tag="008">201012s1996    fr            00| | fre d</controlfield><datafield ind1=" " ind2=" " tag="020"><subfield code="a">2905464461</subfield><subfield code="q">Kerygma</subfield></datafield><datafield ind1=" " ind2=" " tag="020"><subfield code="a">2863141716</subfield><subfield code="q">Farel</subfield></datafield><datafield ind1="7" ind2=" " tag="024"><subfield code="a">http://catalogue.bnf.fr/ark:/12148/cb370176644</subfield><subfield code="2">uri</subfield></datafield><datafield ind1=" " ind2=" " tag="035"><subfield code="a">(swissbib)23925712X-41slsp_network</subfield></datafield><datafield ind1=" " ind2=" " tag="035"><subfield code="a">23925712X</subfield><subfield code="9">ExL</subfield></datafield><datafield ind1=" " ind2=" " tag="035"><subfield code="a">(IDSBB)001651025DSV01</subfield></datafield><datafield ind1=" " ind2=" " tag="035"><subfield code="a">(RERO)R275100860-41slsp</subfield></datafield><datafield ind1=" " ind2=" " tag="035"><subfield code="a">(EXLNZ-41SLSP_NETWORK)991069347499705501</subfield></datafield><datafield ind1=" " ind2=" " tag="040"><subfield code="a">SzZuIDS BS/BE B400</subfield><subfield code="b">ger</subfield><subfield code="e">kids</subfield><subfield code="d">CH-ZuSLS</subfield></datafield><datafield ind1="1" ind2=" " tag="041"><subfield code="a">fre</subfield><subfield code="h">lat</subfield></datafield><datafield ind1=" " ind2="7" tag="072"><subfield code="a">th</subfield><subfield code="2">SzZuIDS BS/BE</subfield></datafield><datafield ind1=" " ind2="7" tag="072"><subfield code="a">th</subfield><subfield code="2">rero</subfield></datafield><datafield ind1="1" ind2=" " tag="100"><subfield code="6">880-01</subfield><subfield code="a">Calvin, Jean</subfield><subfield code="d">1509-1564</subfield><subfield code="0">(IDREF)026763362</subfield><subfield code="4">cre</subfield></datafield><datafield ind1="1" ind2=" " tag="880"><subfield code="a">Calvin, Jean</subfield><subfield code="d">1509-1564</subfield><subfield code="0">(DE-588)118518534</subfield><subfield code="6">100-01</subfield></datafield><datafield ind1="1" ind2="0" tag="240"><subfield code="a">Commentarii in priorem epistolam Pauli ad Corinthios</subfield></datafield><datafield ind1="1" ind2="0" tag="245"><subfield code="a">Première épître aux Corinthiens</subfield><subfield code="c">Jean Calvin ; [texte établi par Daniel Guex ... et al.]</subfield></datafield><datafield ind1=" " ind2="1" tag="264"><subfield code="a">Aix-en-Provence</subfield><subfield code="b">Editions Kerygma</subfield><subfield code="c">1996</subfield></datafield><datafield ind1=" " ind2=" " tag="300"><subfield code="a">286 p.</subfield><subfield code="c">21 cm</subfield></datafield><datafield ind1=" " ind2=" " tag="336"><subfield code="b">txt</subfield><subfield code="2">rdacontent</subfield></datafield><datafield ind1=" " ind2=" " tag="337"><subfield code="b">n</subfield><subfield code="2">rdamedia</subfield></datafield><datafield ind1=" " ind2=" " tag="338"><subfield code="b">nc</subfield><subfield code="2">rdacarrier</subfield></datafield><datafield ind1="1" ind2=" " tag="490"><subfield code="a">Commentaires de Jean Calvin sur le Nouveau Testament</subfield><subfield code="v">T. 5, Vol. 1</subfield></datafield><datafield ind1=" " ind2=" " tag="500"><subfield code="a">La couv. porte: Commentaires bibliques : Première épître aux Corinthiens</subfield></datafield><datafield ind1="1" ind2=" " tag="700"><subfield code="a">Barilier, Roger</subfield><subfield code="d">1914-....</subfield><subfield code="0">(IDREF)030291887</subfield></datafield><datafield ind1="1" ind2=" " tag="700"><subfield code="a">Guex, Daniel</subfield><subfield code="0">(IDREF)251267415</subfield></datafield><datafield ind1="1" ind2=" " tag="800"><subfield code="a">Calvin, Jean</subfield><subfield code="d">1509-1564</subfield><subfield code="t">Commentaires de Jean Calvin sur le Nouveau Testament</subfield><subfield code="v">5,1</subfield></datafield><datafield ind1="1" ind2=" " tag="800"><subfield code="a">Calvin, Jean</subfield><subfield code="d">1509-1564</subfield><subfield code="t">In Novum Testamentum commentarii</subfield><subfield code="v">5/1</subfield><subfield code="w">(IDSBB)001650979DSV01</subfield></datafield><datafield ind1=" " ind2=" " tag="900"><subfield code="a">REROnoselfmerge</subfield></datafield></record>
</metadata></record>