<record><header><identifier>oai:alma.41SLSP_UGE:991000013509705502</identifier><datestamp>2023-07-03T00:42:09Z</datestamp><setSpec>uge_bcen_RapidILL_BOOK</setSpec><setSpec>uge_aaca_RapidILL_BOOK</setSpec><setSpec>uge_abels_RapidILL_BOOK</setSpec><setSpec>uge_dbu_RapidILL_BOOK</setSpec><setSpec>uge_cmu_RapidILL_BOOK</setSpec><setSpec>uge_mail_RapidILL_BOOK</setSpec><setSpec>uge_abbat_RapidILL_BOOK</setSpec><setSpec>UNIGE_ALL</setSpec><setSpec>uge_aobs_RapidILL_BOOK</setSpec><setSpec>uge_acar_RapidILL_BOOK</setSpec></header><metadata>
<record xmlns="http://www.loc.gov/MARC21/slim" xmlns:xsi="http://www.w3.org/2001/XMLSchema-instance" xsi:schemaLocation="http://www.loc.gov/MARC21/slim http://www.loc.gov/standards/marcxml/schema/MARC21slim.xsd"><leader>04527nam a2200661 c 4500</leader><controlfield tag="001">991000013509705502</controlfield><controlfield tag="005">20230702063842.0</controlfield><controlfield tag="008">201011s2005    sz       m    00| | ger  </controlfield><datafield ind1=" " ind2=" " tag="020"><subfield code="a">3258069212</subfield></datafield><datafield ind1=" " ind2=" " tag="035"><subfield code="a">(swissbib)217256767-41slsp_network</subfield></datafield><datafield ind1=" " ind2=" " tag="035"><subfield code="a">217256767</subfield><subfield code="9">ExL</subfield></datafield><datafield ind1=" " ind2=" " tag="035"><subfield code="a">(NEBIS)004948677EBI01</subfield></datafield><datafield ind1=" " ind2=" " tag="035"><subfield code="a">(RERO)R003908670-41slsp</subfield></datafield><datafield ind1=" " ind2=" " tag="035"><subfield code="a">(IDSSG)000324006HSB01</subfield></datafield><datafield ind1=" " ind2=" " tag="035"><subfield code="a">(EXLNZ-41SLSP_NETWORK)991067915779705501</subfield></datafield><datafield ind1=" " ind2=" " tag="040"><subfield code="a">SzZuIDS NEBIS ZBZ</subfield><subfield code="b">ger</subfield><subfield code="e">rda</subfield><subfield code="d">CH-ZuSLS</subfield></datafield><datafield ind1=" " ind2=" " tag="044"><subfield code="a">sz</subfield><subfield code="c">ch-be</subfield></datafield><datafield ind1=" " ind2="7" tag="072"><subfield code="a">se</subfield><subfield code="2">rero</subfield></datafield><datafield ind1=" " ind2=" " tag="084"><subfield code="a">QK 530</subfield><subfield code="2">rvk</subfield></datafield><datafield ind1=" " ind2=" " tag="084"><subfield code="a">A 82 h</subfield><subfield code="2">cjurrom</subfield></datafield><datafield ind1="1" ind2=" " tag="100"><subfield code="a">Gerster, Kathrin</subfield><subfield code="0">(DE-588)130107255</subfield><subfield code="4">aut</subfield><subfield code="6">880-01</subfield></datafield><datafield ind1="1" ind2=" " tag="880"><subfield code="a">Gerster, Kathrin</subfield><subfield code="0">(RERO)A011623263</subfield><subfield code="4">cre</subfield><subfield code="6">100-01</subfield></datafield><datafield ind1="1" ind2="0" tag="245"><subfield code="a">Informationsasymmetrien im Finanzdienstleistungsbereich</subfield><subfield code="b">unter spezieller Betrachtung von Alternative Investments</subfield><subfield code="c">Kathrin Gerster</subfield></datafield><datafield ind1=" " ind2="1" tag="264"><subfield code="a">Bern</subfield><subfield code="b">Paul Haupt</subfield><subfield code="c">2005</subfield></datafield><datafield ind1=" " ind2=" " tag="300"><subfield code="a">XXIII, 309 S.</subfield><subfield code="b">Tab.</subfield><subfield code="c">23 cm</subfield></datafield><datafield ind1=" " ind2=" " tag="336"><subfield code="b">txt</subfield><subfield code="2">rdacontent</subfield></datafield><datafield ind1=" " ind2=" " tag="337"><subfield code="b">n</subfield><subfield code="2">rdamedia</subfield></datafield><datafield ind1=" " ind2=" " tag="338"><subfield code="b">nc</subfield><subfield code="2">rdacarrier</subfield></datafield><datafield ind1="1" ind2=" " tag="490"><subfield code="a">Bank- und finanzwirtschaftliche Forschungen</subfield><subfield code="v">Band 369</subfield></datafield><datafield ind1=" " ind2=" " tag="500"><subfield code="a">Buchhandelsausg. der Diss. Zürich, 2005</subfield></datafield><datafield ind1=" " ind2=" " tag="502"><subfield code="a">Diss. Univ. Zürich, 2005. - Ref.: Hans Peter Wehrli ; Korref.: Rudolf Volkart</subfield></datafield><datafield ind1=" " ind2=" " tag="504"><subfield code="a">Bibliogr.</subfield></datafield><datafield ind1=" " ind2="7" tag="650"><subfield code="a">Institutionenökonomie</subfield><subfield code="0">(DE-588)4027208-4</subfield><subfield code="2">gnd</subfield></datafield><datafield ind1=" " ind2="7" tag="650"><subfield code="a">Wertschöpfungskette</subfield><subfield code="0">(DE-588)4346401-4</subfield><subfield code="2">gnd</subfield></datafield><datafield ind1=" " ind2="7" tag="650"><subfield code="a">Asymmetrische Information</subfield><subfield code="2">idszbz</subfield></datafield><datafield ind1=" " ind2="7" tag="650"><subfield code="a">Finanzdienstleistung</subfield><subfield code="2">idszbz</subfield></datafield><datafield ind1=" " ind2="0" tag="650"><subfield code="a">Financial services industry</subfield></datafield><datafield ind1=" " ind2="0" tag="650"><subfield code="a">Hedge funds</subfield></datafield><datafield ind1=" " ind2="0" tag="650"><subfield code="a">Information asymmetry</subfield></datafield><datafield ind1=" " ind2="7" tag="650"><subfield code="a">Information financière</subfield><subfield code="0">(IDREF)031206220</subfield><subfield code="2">idref</subfield></datafield><datafield ind1=" " ind2="7" tag="650"><subfield code="a">Services financiers</subfield><subfield code="0">(IDREF)029838010</subfield><subfield code="2">idref</subfield></datafield><datafield ind1=" " ind2="7" tag="650"><subfield code="a">Sociétés d'investissement</subfield><subfield code="0">(IDREF)027763544</subfield><subfield code="2">idref</subfield></datafield><datafield ind1=" " ind2="7" tag="650"><subfield code="a">Couverture (finances)</subfield><subfield code="0">(IDREF)027807401</subfield><subfield code="2">idref</subfield></datafield><datafield ind1=" " ind2="7" tag="650"><subfield code="a">Asymmetrische Information</subfield><subfield code="0">(DE-588)4120934-5</subfield><subfield code="2">gnd</subfield></datafield><datafield ind1=" " ind2="7" tag="650"><subfield code="a">Finanzdienstleistungsmarkt</subfield><subfield code="0">(DE-588)4302181-5</subfield><subfield code="2">gnd</subfield></datafield><datafield ind1=" " ind2="7" tag="650"><subfield code="a">Hedge Fund</subfield><subfield code="0">(DE-588)4444016-9</subfield><subfield code="2">gnd</subfield></datafield><datafield ind1=" " ind2="7" tag="655"><subfield code="a">Hochschulschrift</subfield><subfield code="2">gnd-content</subfield></datafield><datafield ind1=" " ind2=" " tag="690"><subfield code="a">Finanzdienstleistung; Abgrenzung; Entwicklung; Fund; wissenschaftliche Abhandlung; Kundenorientierung; Einleitung; Integration; Transportfähigkeit; Unternehmensziel; Risiko; Asymmetrie; Verzeichnis; Strategie; Terminologie; Equity; Wachstum; Abbildung; Beteiligung; Element; Forschung; Liquidität; Stellung; Kriterium; Finanzierung; wirtschaftswissenschaftliche Hochschule; Future; Venture Capital; Ökonomie; Direktinvestition; Function; Idee; Industrie; Lebenszyklus</subfield><subfield code="2">idssg-J</subfield></datafield><datafield ind1=" " ind2=" " tag="690"><subfield code="a">Begriffsabgrenzung; Transformationsfunktion; Vermittlungsfunktion; Finanzdienstleistungsbereich; Informationsasymmetrie; Qualitätsschwankung; Abgrenzungsmöglichkeit; Informationsineffizienz; Lagerfähigkeit; Problemstellung; Risikobereitschaft; Segmentierungskriterium; Abbildungsverzeichnis; Abkürzungsverzeichnis; Erläuterunge; Forschungsmethodik; Kundensegmentierung; Problembereich; Tabellenverzeichnis; Beteiligungsform; Datenmenge; Risikoaspekt</subfield><subfield code="2">idssg-J</subfield></datafield><datafield ind1=" " ind2=" " tag="690"><subfield code="a">geringe Datenmenge; alternatives Investment; beratungsimmanente Qualitätsschwankung; definitorische Abgrenzungsmöglichkeit; einleitende Erläuterunge; elementarer Produktionsfaktor; externer Faktor; fehlende Lagerfähigkeit; fehlende Transportfähigkeit; geringe Liquidität; individuelle Kunde; institutionelle Kunde; konstitutives Element; mögliches Segmentierungskriterium; privat Equity; relativ Value; spezielle Betrachtung; theoretische Grundlage; verfügbare Datenmenge; wirtschaftswissenschaftliche Fakultät; ökonomische Bedeutung</subfield><subfield code="2">idssg-J</subfield></datafield><datafield ind1=" " ind2=" " tag="690"><subfield code="a">Schweiz C4EXSI</subfield><subfield code="2">idssg-J</subfield></datafield><datafield ind1=" " ind2=" " tag="690"><subfield code="a">alternativ Investments Dissertation; alternativ Investments Informationsasymmetrien; Hans Peter Wehrli; Hedge Fund Industrie; Hedge Fund Stile; Kathrin Gerster; Limited Partnerships; privat Equity Lebenszyklus; Prof. Dr. Hans Peter Wehrli Prof. Dr. Rudolf Volkart; Transformationsfunktion Asset Transformation; Vermittlungsfunktion Brokerage Function; Vorwort Abbildungsverzeichnis Tabellenverzeichnis Abkürzungsverzeichnis</subfield><subfield code="2">idssg-J</subfield></datafield><datafield ind1="1" ind2=" " tag="700"><subfield code="a">Wehrli, Hans Peter</subfield><subfield code="d">1952-</subfield><subfield code="0">(DE-588)114916632</subfield><subfield code="4">dgs</subfield></datafield><datafield ind1="4" ind2=" " tag="856"><subfield code="u">https://tools.unisg.ch/url/hm00137938</subfield><subfield code="z">Inhaltsverzeichnis</subfield></datafield><datafield ind1=" " ind2="0" tag="830"><subfield code="a">Bank- und finanzwirtschaftliche Forschungen</subfield><subfield code="v">369</subfield><subfield code="w">(RERO)bv80004914-41slsp</subfield></datafield><datafield ind1=" " ind2=" " tag="900"><subfield code="a">IDSE2UNI-ZH</subfield></datafield><datafield ind1=" " ind2=" " tag="900"><subfield code="a">IDSZ1ZH</subfield></datafield><datafield ind1=" " ind2=" " tag="900"><subfield code="a">IDSZ2zbzdis200505e</subfield><subfield code="c">IDSZ2knec</subfield><subfield code="d">IDSZ2zbzswk200507b</subfield><subfield code="e">IDSZ2stet</subfield></datafield><datafield ind1=" " ind2=" " tag="949"><subfield code="a">https://tools.unisg.ch/url/hm00137938</subfield></datafield></record>
</metadata></record>