<record><header><identifier>oai:alma.41SLSP_UGE:991000014359705502</identifier><datestamp>2023-06-20T00:22:03Z</datestamp><setSpec>uge_bcen_RapidILL_BOOK</setSpec><setSpec>uge_aaca_RapidILL_BOOK</setSpec><setSpec>uge_abels_RapidILL_BOOK</setSpec><setSpec>uge_dbu_RapidILL_BOOK</setSpec><setSpec>uge_cmu_RapidILL_BOOK</setSpec><setSpec>uge_mail_RapidILL_BOOK</setSpec><setSpec>uge_abbat_RapidILL_BOOK</setSpec><setSpec>UNIGE_ALL</setSpec><setSpec>uge_acar_RapidILL_BOOK</setSpec><setSpec>uge_aobs_RapidILL_BOOK</setSpec></header><metadata>
<record xmlns="http://www.loc.gov/MARC21/slim" xmlns:xsi="http://www.w3.org/2001/XMLSchema-instance" xsi:schemaLocation="http://www.loc.gov/MARC21/slim http://www.loc.gov/standards/marcxml/schema/MARC21slim.xsd"><leader>04046nam a2200853 c 4500</leader><controlfield tag="001">991000014359705502</controlfield><controlfield tag="005">20230619202440.0</controlfield><controlfield tag="008">201011s2019    xxk      |||| 000 0 eng|d</controlfield><datafield ind1=" " ind2=" " tag="020"><subfield code="a">9780521145824</subfield><subfield code="q">paperback</subfield></datafield><datafield ind1=" " ind2=" " tag="020"><subfield code="a">0521145821</subfield><subfield code="q">pbk.</subfield></datafield><datafield ind1=" " ind2=" " tag="020"><subfield code="a">9780521765374</subfield><subfield code="q">hardback</subfield></datafield><datafield ind1=" " ind2=" " tag="020"><subfield code="a">0521765374</subfield><subfield code="q">hbk.</subfield></datafield><datafield ind1=" " ind2=" " tag="035"><subfield code="a">(swissbib)22182376X-41slsp_network</subfield></datafield><datafield ind1=" " ind2=" " tag="035"><subfield code="a">22182376X</subfield><subfield code="9">ExL</subfield></datafield><datafield ind1=" " ind2=" " tag="035"><subfield code="a">(IDSBB)007155383DSV01</subfield></datafield><datafield ind1=" " ind2=" " tag="035"><subfield code="a">(RERO)R008936501-41slsp</subfield></datafield><datafield ind1=" " ind2=" " tag="035"><subfield code="a">(NEBIS)011485998EBI01</subfield></datafield><datafield ind1=" " ind2=" " tag="035"><subfield code="a">(OCoLC)1090687605</subfield></datafield><datafield ind1=" " ind2=" " tag="035"><subfield code="a">(EXLNZ-41SLSP_NETWORK)991025825529705501</subfield></datafield><datafield ind1=" " ind2=" " tag="040"><subfield code="a">ERASA</subfield><subfield code="b">ger</subfield><subfield code="e">rda</subfield><subfield code="d">CH-ZuSLS</subfield></datafield><datafield ind1="0" ind2=" " tag="041"><subfield code="a">eng</subfield><subfield code="a">grc</subfield></datafield><datafield ind1=" " ind2="4" tag="050"><subfield code="a">PA4279.A8</subfield><subfield code="b">A66 2019</subfield></datafield><datafield ind1=" " ind2="4" tag="050"><subfield code="a">PA1279</subfield><subfield code="b">.A8 2019</subfield></datafield><datafield ind1=" " ind2="7" tag="072"><subfield code="a">gr</subfield><subfield code="2">rero</subfield></datafield><datafield ind1="1" ind2=" " tag="080"><subfield code="a">875PLATO7Apo</subfield></datafield><datafield ind1="0" ind2="4" tag="082"><subfield code="a">183.2</subfield><subfield code="2">23</subfield></datafield><datafield ind1="0" ind2="4" tag="082"><subfield code="a">184</subfield><subfield code="2">23</subfield></datafield><datafield ind1="0" ind2="4" tag="082"><subfield code="a">480</subfield></datafield><datafield ind1="1" ind2="4" tag="082"><subfield code="a">880</subfield><subfield code="2">15</subfield></datafield><datafield ind1="1" ind2="4" tag="082"><subfield code="a">100</subfield><subfield code="2">15</subfield></datafield><datafield ind1=" " ind2=" " tag="084"><subfield code="a">CD 3054</subfield><subfield code="2">rvk</subfield></datafield><datafield ind1=" " ind2=" " tag="084"><subfield code="a">CD 3367</subfield><subfield code="2">rvk</subfield></datafield><datafield ind1=" " ind2=" " tag="084"><subfield code="a">CD 3654</subfield><subfield code="2">rvk</subfield></datafield><datafield ind1=" " ind2=" " tag="084"><subfield code="a">FH 28413</subfield><subfield code="2">rvk</subfield></datafield><datafield ind1=" " ind2=" " tag="084"><subfield code="a">FH 28440</subfield><subfield code="2">rvk</subfield></datafield><datafield ind1=" " ind2=" " tag="084"><subfield code="a">FH 28657</subfield><subfield code="2">rvk</subfield></datafield><datafield ind1=" " ind2=" " tag="084"><subfield code="a">FH 28710</subfield><subfield code="2">rvk</subfield></datafield><datafield ind1="0" ind2=" " tag="100"><subfield code="6">880-01</subfield><subfield code="a">Platon</subfield><subfield code="d">0427?-0348? av. J.-C.</subfield><subfield code="0">(IDREF)027076164</subfield><subfield code="4">aut</subfield></datafield><datafield ind1="0" ind2=" " tag="880"><subfield code="a">Plato</subfield><subfield code="d">v427-v347</subfield><subfield code="0">(DE-588)118594893</subfield><subfield code="4">aut</subfield><subfield code="6">100-01</subfield></datafield><datafield ind1="1" ind2="0" tag="245"><subfield code="a">&lt;&lt;The&gt;&gt; Apology of Socrates</subfield><subfield code="c">Plato. and, The Apology of Socrates / Xenophon ; edited by Nicholas Denyer</subfield></datafield><datafield ind1=" " ind2="1" tag="264"><subfield code="a">Cambridge, United Kingdom</subfield><subfield code="b">Cambridge University Press</subfield><subfield code="c">2019</subfield></datafield><datafield ind1=" " ind2=" " tag="300"><subfield code="a">XI, 148 Seiten</subfield><subfield code="c">23 cm</subfield></datafield><datafield ind1=" " ind2=" " tag="336"><subfield code="b">txt</subfield><subfield code="2">rdacontent</subfield></datafield><datafield ind1=" " ind2=" " tag="337"><subfield code="b">n</subfield><subfield code="2">rdamedia</subfield></datafield><datafield ind1=" " ind2=" " tag="338"><subfield code="b">nc</subfield><subfield code="2">rdacarrier</subfield></datafield><datafield ind1="0" ind2=" " tag="490"><subfield code="a">Cambridge Greek and Latin classics</subfield></datafield><datafield ind1=" " ind2=" " tag="500"><subfield code="a">Titres conventionnels: Apologia Socratis</subfield></datafield><datafield ind1=" " ind2=" " tag="500"><subfield code="a">Texte grec et commentaire en anglais</subfield></datafield><datafield ind1=" " ind2=" " tag="500"><subfield code="a">Titre de la couverture: Apologies of Socrates</subfield></datafield><datafield ind1=" " ind2=" " tag="504"><subfield code="a">Includes bibliographical references and indexes</subfield></datafield><datafield ind1=" " ind2=" " tag="520"><subfield code="a">In 399 BC Socrates was prosecuted, convicted, sentenced to death and executed. These events were the culmination of a long philosophical career, a career in which, without writing a word, he established himself as the figure whom all philosophers of the next few generations wished to follow. The Apologies (or Defence Speeches) by Plato and Xenophon are rival accounts of how, at his trial, Socrates defended himself and his philosophy. This edition brings together both Apologies within a single volume. The commentary answers literary, linguistic and philosophical questions in a way that is suitable for readers of all levels, helping teachers and students engage more closely with the Greek texts. The introduction examines Socrates himself, the literature generated by his trial, Athenian legal procedures, his guilt or innocence of the crimes for which he was executed, and the rivalry between Xenophon and Plato</subfield></datafield><datafield ind1=" " ind2=" " tag="546"><subfield code="a">Altgriechischer Text mit englischem Kommentar</subfield></datafield><datafield ind1="0" ind2="7" tag="600"><subfield code="a">Plato</subfield><subfield code="d">v427-v347</subfield><subfield code="t">Apologia</subfield><subfield code="0">(DE-588)4006822-5</subfield><subfield code="2">gnd</subfield></datafield><datafield ind1="0" ind2="7" tag="600"><subfield code="a">Xenophon</subfield><subfield code="d">v430-v354</subfield><subfield code="t">Apologia Socratis</subfield><subfield code="0">(DE-588)4411646-9</subfield><subfield code="2">gnd</subfield></datafield><datafield ind1="0" ind2="0" tag="600"><subfield code="a">Plato</subfield><subfield code="t">Apology</subfield></datafield><datafield ind1="0" ind2="0" tag="600"><subfield code="a">Socrates</subfield></datafield><datafield ind1="0" ind2="0" tag="600"><subfield code="a">Socrates</subfield><subfield code="x">Trials, litigation, etc</subfield></datafield><datafield ind1="0" ind2="0" tag="600"><subfield code="a">Xenophon</subfield><subfield code="t">Apology</subfield></datafield><datafield ind1="0" ind2="0" tag="600"><subfield code="a">Plato.</subfield><subfield code="t">Apology</subfield></datafield><datafield ind1="0" ind2="0" tag="600"><subfield code="a">Xenophon.</subfield><subfield code="t">Apology</subfield></datafield><datafield ind1="0" ind2="7" tag="600"><subfield code="a">Platon</subfield><subfield code="d">0427?-0348? av. J.-C.</subfield><subfield code="t">Apologie de Socrate</subfield><subfield code="0">(IDREF)030575567</subfield><subfield code="2">idref</subfield></datafield><datafield ind1="0" ind2="7" tag="600"><subfield code="a">Xénophon</subfield><subfield code="d">0430?-0355? av. J.-C.</subfield><subfield code="t">Apologie de Socrate</subfield><subfield code="0">(IDREF)077768299</subfield><subfield code="2">idref</subfield></datafield><datafield ind1="0" ind2="7" tag="600"><subfield code="a">Socrates</subfield><subfield code="2">fast</subfield></datafield><datafield ind1=" " ind2="7" tag="650"><subfield code="a">Kommentar</subfield><subfield code="0">(DE-588)4136710-8</subfield><subfield code="2">gnd</subfield></datafield><datafield ind1=" " ind2="7" tag="655"><subfield code="a">Kommentar</subfield><subfield code="2">gnd-content</subfield></datafield><datafield ind1=" " ind2="7" tag="655"><subfield code="a">Quelle</subfield><subfield code="2">gnd-content</subfield></datafield><datafield ind1=" " ind2="7" tag="655"><subfield code="a">Commentaire de texte</subfield><subfield code="0">(IDREF)027790681</subfield><subfield code="2">idref</subfield></datafield><datafield ind1="0" ind2="2" tag="700"><subfield code="a">Xenophon</subfield><subfield code="t">&lt;&lt;The&gt;&gt; apology of Socrates</subfield></datafield><datafield ind1="0" ind2="2" tag="700"><subfield code="a">Plato</subfield><subfield code="d">v427-v347</subfield><subfield code="t">Apologia</subfield><subfield code="0">(DE-588)4006822-5</subfield></datafield><datafield ind1="0" ind2="2" tag="700"><subfield code="a">Xenophon</subfield><subfield code="d">v430-v354</subfield><subfield code="t">Apologia Socratis</subfield><subfield code="0">(DE-588)4411646-9</subfield></datafield><datafield ind1="0" ind2=" " tag="700"><subfield code="a">Xenophon</subfield><subfield code="d">v430-v354</subfield><subfield code="0">(DE-588)118635808</subfield><subfield code="4">aut</subfield></datafield><datafield ind1="1" ind2=" " tag="700"><subfield code="a">Denyer, Nicholas</subfield><subfield code="0">(IDREF)030964229</subfield><subfield code="4">edt</subfield></datafield><datafield ind1="0" ind2="2" tag="740"><subfield code="a">&lt;&lt;The&gt;&gt; Apology of Socrates</subfield></datafield><datafield ind1="4" ind2=" " tag="856"><subfield code="3">Inhaltsverzeichnis</subfield><subfield code="u">http://www.ub.unibas.ch/tox/IDSBB/007155383/PDF</subfield><subfield code="q">pdf</subfield></datafield><datafield ind1=" " ind2=" " tag="949"><subfield code="a">http://www.ub.unibas.ch/tox/IDSBB/007155383/PDF</subfield></datafield></record>
</metadata></record>