<record><header><identifier>oai:alma.41SLSP_UGE:991000013729705502</identifier><datestamp>2023-03-01T01:08:59Z</datestamp><setSpec>uge_cmu_RapidILL_JOURNAL</setSpec><setSpec>uge_aobs_RapidILL_JOURNAL</setSpec><setSpec>uge_aaca_RapidILL_JOURNAL</setSpec><setSpec>uge_bcen_RapidILL_JOURNAL</setSpec><setSpec>uge_abbat_RapidILL_JOURNAL</setSpec><setSpec>uge_mail_RapidILL_JOURNAL</setSpec><setSpec>uge_dbu_RapidILL_JOURNAL</setSpec><setSpec>UNIGE_ALL</setSpec><setSpec>uge_abels_RapidILL_JOURNAL</setSpec><setSpec>uge_acar_RapidILL_JOURNAL</setSpec></header><metadata>
<record xmlns="http://www.loc.gov/MARC21/slim" xmlns:xsi="http://www.w3.org/2001/XMLSchema-instance" xsi:schemaLocation="http://www.loc.gov/MARC21/slim http://www.loc.gov/standards/marcxml/schema/MARC21slim.xsd"><leader>01191nas a2200289 c 4500</leader><controlfield tag="001">991000013729705502</controlfield><controlfield tag="005">20221221200343.0</controlfield><controlfield tag="008">000719cuuuu9999lu || p|  ||| 0    0fre d</controlfield><datafield ind1=" " ind2=" " tag="019"><subfield code="a">Conversion de 710 en 110 et ajout du code de sous-champ 245 $c par programme</subfield><subfield code="5">SLSP/202212</subfield></datafield><datafield ind1=" " ind2=" " tag="035"><subfield code="a">(swissbib)083800913-41slsp_network</subfield></datafield><datafield ind1=" " ind2=" " tag="035"><subfield code="a">083800913</subfield><subfield code="9">ExL</subfield></datafield><datafield ind1=" " ind2=" " tag="035"><subfield code="a">(RERO)1117874-41slsp</subfield></datafield><datafield ind1=" " ind2=" " tag="035"><subfield code="a">(EXLNZ-41SLSP_NETWORK)991107600449705501</subfield></datafield><datafield ind1=" " ind2=" " tag="040"><subfield code="a">RERO neubfd</subfield><subfield code="d">CH-ZuSLS</subfield></datafield><datafield ind1=" " ind2="7" tag="072"><subfield code="a">dr</subfield><subfield code="2">rero</subfield></datafield><datafield ind1=" " ind2=" " tag="084"><subfield code="a">CA/CE 32.1 c</subfield><subfield code="2">cjurrom</subfield></datafield><datafield ind1=" " ind2=" " tag="084"><subfield code="a">FA 31.1 c</subfield><subfield code="2">cjurrom</subfield></datafield><datafield ind1="2" ind2=" " tag="110"><subfield code="a">Parti populaire européen</subfield><subfield code="0">(RERO)A000128266</subfield><subfield code="4">aut</subfield></datafield><datafield ind1="1" ind2="0" tag="245"><subfield code="a">Rapport sur les activités</subfield><subfield code="c">Parlement Européen, Groupe du parti populaire européen (Groupe démocrate-chrétien)</subfield></datafield><datafield ind1="1" ind2=" " tag="246"><subfield code="a">Rapport sur les activités du Groupe du parti populaire européen (Groupe démocrate-chrétien) du Parlement européen</subfield></datafield><datafield ind1=" " ind2="1" tag="264"><subfield code="a">Luxembourg</subfield><subfield code="a">Bruxelles</subfield></datafield><datafield ind1=" " ind2=" " tag="300"><subfield code="c">30 cm</subfield></datafield><datafield ind1=" " ind2=" " tag="310"><subfield code="a">Annuel</subfield></datafield><datafield ind1=" " ind2=" " tag="336"><subfield code="b">txt</subfield><subfield code="2">rdacontent</subfield></datafield><datafield ind1=" " ind2=" " tag="337"><subfield code="b">n</subfield><subfield code="2">rdamedia</subfield></datafield><datafield ind1=" " ind2=" " tag="338"><subfield code="b">nc</subfield><subfield code="2">rdacarrier</subfield></datafield><datafield ind1=" " ind2=" " tag="500"><subfield code="a">Variante du titre: Rapport sur les activités du Groupe du parti populaire européen (Groupe démocrate-chrétien) du Parlement européen</subfield></datafield><datafield ind1=" " ind2=" " tag="900"><subfield code="a">REROnoselfmerge</subfield></datafield></record>
</metadata></record>