<record><header><identifier>oai:alma.41SLSP_UGE:991000013649705502</identifier><datestamp>2024-01-05T01:17:21Z</datestamp><setSpec>uge_cmu_RapidILL_JOURNAL</setSpec><setSpec>uge_aobs_RapidILL_JOURNAL</setSpec><setSpec>uge_aaca_RapidILL_JOURNAL</setSpec><setSpec>uge_bcen_RapidILL_JOURNAL</setSpec><setSpec>uge_abbat_RapidILL_JOURNAL</setSpec><setSpec>uge_mail_RapidILL_JOURNAL</setSpec><setSpec>uge_dbu_RapidILL_JOURNAL</setSpec><setSpec>uge_abels_RapidILL_JOURNAL</setSpec><setSpec>UNIGE_ALL</setSpec><setSpec>uge_acar_RapidILL_JOURNAL</setSpec></header><metadata>
<record xmlns="http://www.loc.gov/MARC21/slim" xmlns:xsi="http://www.w3.org/2001/XMLSchema-instance" xsi:schemaLocation="http://www.loc.gov/MARC21/slim http://www.loc.gov/standards/marcxml/schema/MARC21slim.xsd"><leader>01949nas a2200313 c 4500</leader><controlfield tag="001">991000013649705502</controlfield><controlfield tag="005">20210207193435.0</controlfield><controlfield tag="008">940828d19881999sz || p|  ||| 0    |ger d</controlfield><datafield ind1=" " ind2=" " tag="035"><subfield code="a">(swissbib)109213122-41slsp_network</subfield></datafield><datafield ind1=" " ind2=" " tag="035"><subfield code="a">109213122</subfield><subfield code="9">ExL</subfield></datafield><datafield ind1=" " ind2=" " tag="035"><subfield code="a">(RERO)bv80045786-41slsp</subfield></datafield><datafield ind1=" " ind2=" " tag="035"><subfield code="a">(EXLNZ-41SLSP_NETWORK)991000856089705501</subfield></datafield><datafield ind1=" " ind2=" " tag="040"><subfield code="a">SLB</subfield><subfield code="d">CH-ZuSLS</subfield></datafield><datafield ind1="0" ind2=" " tag="041"><subfield code="a">fre</subfield><subfield code="a">ger</subfield></datafield><datafield ind1=" " ind2="7" tag="072"><subfield code="a">dr</subfield><subfield code="2">rero</subfield></datafield><datafield ind1="0" ind2="0" tag="245"><subfield code="a">Immissionsmesswerte ...</subfield><subfield code="b">Messdaten von stationären, kontinuierlich betriebenen Mess-Stationen für Luftschadstoffe zusammengestellt durch die Schweizerische Gesellschaft der Lufthygieniker (Cercl'air) und das Bundesamt für Umwelt, Wald und Landschaft (BUWAL) = Valeurs d'immissions mesurées en ... : résultats des mesures transmis par les stations fixes exploitées de manière continue et recueillis par la Société suisse des responsables de l'hygiène de l'air (Cercl'air) et l'Office fédéral de l'environnement, des forêts et du paysage (OFEFP)</subfield></datafield><datafield ind1="1" ind2=" " tag="246"><subfield code="a">Valeurs d'immissions mesurées en ...</subfield><subfield code="b">résultats des mesures transmis par les stations fixes exploitées de manière continue et recueillis par la Société suisse des responsables de l'hygiène de l'air (Cercl'air) et l'Office fédéral de l'environnement, des forêts et du paysage (OFEFP)</subfield></datafield><datafield ind1=" " ind2="1" tag="264"><subfield code="a">Bern</subfield><subfield code="b">BUWAL, Dokumentationsdienst</subfield></datafield><datafield ind1=" " ind2=" " tag="336"><subfield code="b">txt</subfield><subfield code="2">rdacontent</subfield></datafield><datafield ind1=" " ind2=" " tag="337"><subfield code="b">n</subfield><subfield code="2">rdamedia</subfield></datafield><datafield ind1=" " ind2=" " tag="338"><subfield code="b">nc</subfield><subfield code="2">rdacarrier</subfield></datafield><datafield ind1="0" ind2=" " tag="362"><subfield code="a">1984(1988)-1998(1999)</subfield></datafield><datafield ind1="1" ind2=" " tag="490"><subfield code="a">Cahiers de l'environnement</subfield></datafield><datafield ind1="1" ind2=" " tag="490"><subfield code="a">Umwelt-Materialien</subfield></datafield><datafield ind1=" " ind2=" " tag="500"><subfield code="a">Ne paraît qu'en version électronique à partir de 1999</subfield></datafield><datafield ind1="1" ind2=" " tag="710"><subfield code="a">Suisse</subfield><subfield code="b">Office fédéral de la protection de l'environnement</subfield><subfield code="0">(RERO)A000157767</subfield></datafield><datafield ind1="1" ind2=" " tag="710"><subfield code="a">Suisse</subfield><subfield code="b">Office fédéral de l'environnement, des forêts et du paysage</subfield><subfield code="g">1989-2005</subfield><subfield code="0">(IDREF)057941386</subfield></datafield><datafield ind1=" " ind2="0" tag="830"><subfield code="a">Cahiers de l'environnement</subfield><subfield code="p">Office fédéral des forêts</subfield><subfield code="w">(RERO)0499545-41slsp</subfield></datafield><datafield ind1=" " ind2="0" tag="830"><subfield code="a">Umwelt-Materialien</subfield><subfield code="w">(RERO)1750920-41slsp</subfield></datafield><datafield ind1=" " ind2=" " tag="900"><subfield code="a">REROnoselfmerge</subfield></datafield></record>
</metadata></record>