<record><header><identifier>oai:alma.41SLSP_UGE:991000014169705502</identifier><datestamp>2023-03-01T01:08:59Z</datestamp><setSpec>uge_bcen_RapidILL_BOOK</setSpec><setSpec>uge_aaca_RapidILL_BOOK</setSpec><setSpec>uge_abels_RapidILL_BOOK</setSpec><setSpec>uge_dbu_RapidILL_BOOK</setSpec><setSpec>uge_cmu_RapidILL_BOOK</setSpec><setSpec>uge_mail_RapidILL_BOOK</setSpec><setSpec>UNIGE_ALL</setSpec><setSpec>uge_abbat_RapidILL_BOOK</setSpec><setSpec>uge_aobs_RapidILL_BOOK</setSpec><setSpec>uge_acar_RapidILL_BOOK</setSpec></header><metadata>
<record xmlns="http://www.loc.gov/MARC21/slim" xmlns:xsi="http://www.w3.org/2001/XMLSchema-instance" xsi:schemaLocation="http://www.loc.gov/MARC21/slim http://www.loc.gov/standards/marcxml/schema/MARC21slim.xsd"><leader>00856nam a2200253 c 4500</leader><controlfield tag="001">991000014169705502</controlfield><controlfield tag="005">20201126044441.0</controlfield><controlfield tag="008">080429s1909    ne ||||| |||| 00| ||heb d</controlfield><datafield ind1=" " ind2=" " tag="035"><subfield code="a">(swissbib)106694766-41slsp_network</subfield></datafield><datafield ind1=" " ind2=" " tag="035"><subfield code="a">106694766</subfield><subfield code="9">ExL</subfield></datafield><datafield ind1=" " ind2=" " tag="035"><subfield code="a">(RERO)R004693496-41slsp</subfield></datafield><datafield ind1=" " ind2=" " tag="035"><subfield code="a">(EXLNZ-41SLSP_NETWORK)991040265869705501</subfield></datafield><datafield ind1=" " ind2=" " tag="040"><subfield code="a">RERO geuth-</subfield><subfield code="d">CH-ZuSLS</subfield></datafield><datafield ind1=" " ind2="7" tag="072"><subfield code="a">th</subfield><subfield code="2">rero</subfield></datafield><datafield ind1="0" ind2="0" tag="245"><subfield code="a">&lt;&lt;The&gt;&gt; Mishnah treatise Sanhedrin</subfield><subfield code="c">edited with an introduction, notes and glossary by Samuel Krauss</subfield></datafield><datafield ind1=" " ind2="1" tag="264"><subfield code="a">Leiden</subfield><subfield code="b">E.J. Brill</subfield><subfield code="c">1909</subfield></datafield><datafield ind1=" " ind2=" " tag="300"><subfield code="a">xiii, 61 p.</subfield><subfield code="c">20 cm</subfield></datafield><datafield ind1=" " ind2=" " tag="336"><subfield code="b">txt</subfield><subfield code="2">rdacontent</subfield></datafield><datafield ind1=" " ind2=" " tag="337"><subfield code="b">n</subfield><subfield code="2">rdamedia</subfield></datafield><datafield ind1=" " ind2=" " tag="338"><subfield code="b">nc</subfield><subfield code="2">rdacarrier</subfield></datafield><datafield ind1="1" ind2=" " tag="490"><subfield code="a">Semitic study series</subfield><subfield code="v">no. 11</subfield></datafield><datafield ind1="1" ind2=" " tag="700"><subfield code="a">Krauss, Samuel</subfield><subfield code="d">1866-1948</subfield><subfield code="0">(IDREF)092084583</subfield></datafield><datafield ind1="0" ind2=" " tag="730"><subfield code="a">Mishna</subfield><subfield code="n">4</subfield><subfield code="p">Neziqin</subfield><subfield code="n">4</subfield><subfield code="p">Sanhédrin</subfield><subfield code="l">Hébreu</subfield></datafield><datafield ind1=" " ind2=" " tag="830"><subfield code="a">Semitic study series</subfield><subfield code="v">11</subfield><subfield code="w">(RERO)0793127-41slsp</subfield></datafield><datafield ind1=" " ind2=" " tag="900"><subfield code="a">REROnoselfmerge</subfield></datafield></record>
</metadata></record>