<record><header><identifier>oai:alma.41SLSP_UGE:991000013959705502</identifier><datestamp>2023-03-01T01:08:59Z</datestamp><setSpec>uge_bcen_RapidILL_BOOK</setSpec><setSpec>uge_aaca_RapidILL_BOOK</setSpec><setSpec>uge_abels_RapidILL_BOOK</setSpec><setSpec>uge_dbu_RapidILL_BOOK</setSpec><setSpec>uge_cmu_RapidILL_BOOK</setSpec><setSpec>uge_mail_RapidILL_BOOK</setSpec><setSpec>UNIGE_ALL</setSpec><setSpec>uge_abbat_RapidILL_BOOK</setSpec><setSpec>uge_aobs_RapidILL_BOOK</setSpec><setSpec>uge_acar_RapidILL_BOOK</setSpec></header><metadata>
<record xmlns="http://www.loc.gov/MARC21/slim" xmlns:xsi="http://www.w3.org/2001/XMLSchema-instance" xsi:schemaLocation="http://www.loc.gov/MARC21/slim http://www.loc.gov/standards/marcxml/schema/MARC21slim.xsd"><leader>01745nam a2200481 c 4500</leader><controlfield tag="001">991000013959705502</controlfield><controlfield tag="005">20230115200134.0</controlfield><controlfield tag="008">201012s2003    fr ||||| |||| 00| ||fre d</controlfield><datafield ind1=" " ind2=" " tag="020"><subfield code="a">2711002802</subfield></datafield><datafield ind1="7" ind2=" " tag="024"><subfield code="a">http://catalogue.bnf.fr/ark:/12148/cb391325666</subfield><subfield code="2">uri</subfield></datafield><datafield ind1=" " ind2=" " tag="035"><subfield code="a">(swissbib)239014375-41slsp_network</subfield></datafield><datafield ind1=" " ind2=" " tag="035"><subfield code="a">239014375</subfield><subfield code="9">ExL</subfield></datafield><datafield ind1=" " ind2=" " tag="035"><subfield code="a">(RERO)R003554771-41slsp</subfield></datafield><datafield ind1=" " ind2=" " tag="035"><subfield code="a">(NEBIS)004648861EBI01</subfield></datafield><datafield ind1=" " ind2=" " tag="035"><subfield code="a">(EXLNZ-41SLSP_NETWORK)991080228219705501</subfield></datafield><datafield ind1=" " ind2=" " tag="040"><subfield code="a">RERO labcue</subfield><subfield code="d">CH-ZuSLS</subfield></datafield><datafield ind1=" " ind2="7" tag="072"><subfield code="a">dr</subfield><subfield code="2">rero</subfield></datafield><datafield ind1="1" ind2="4" tag="082"><subfield code="a">347.440 502632</subfield><subfield code="2">22</subfield></datafield><datafield ind1=" " ind2=" " tag="084"><subfield code="a">CA/F 97 b</subfield><subfield code="2">cjurrom</subfield></datafield><datafield ind1="0" ind2="0" tag="245"><subfield code="a">Code de procédure civile</subfield><subfield code="b">2004</subfield><subfield code="c">éd. réalisée par Loïc Cadiet ; [France]</subfield></datafield><datafield ind1=" " ind2=" " tag="250"><subfield code="a">17e éd. 2004</subfield><subfield code="b">réalisée par Loïc Cadiet</subfield></datafield><datafield ind1=" " ind2="1" tag="264"><subfield code="a">Paris</subfield><subfield code="b">Litec</subfield><subfield code="c">2003</subfield></datafield><datafield ind1=" " ind2=" " tag="300"><subfield code="a">XL, 2274 p.</subfield><subfield code="c">18 cm</subfield></datafield><datafield ind1=" " ind2=" " tag="336"><subfield code="b">txt</subfield><subfield code="2">rdacontent</subfield></datafield><datafield ind1=" " ind2=" " tag="337"><subfield code="b">n</subfield><subfield code="2">rdamedia</subfield></datafield><datafield ind1=" " ind2=" " tag="338"><subfield code="b">nc</subfield><subfield code="2">rdacarrier</subfield></datafield><datafield ind1="1" ind2=" " tag="490"><subfield code="a">Juris classeur code</subfield></datafield><datafield ind1=" " ind2=" " tag="500"><subfield code="a">Textes à jour au 17 octobre 2003</subfield></datafield><datafield ind1=" " ind2=" " tag="500"><subfield code="a">Enthält auch den Gesetzestext</subfield></datafield><datafield ind1=" " ind2="7" tag="650"><subfield code="a">Procédure civile</subfield><subfield code="0">(IDREF)028941314</subfield><subfield code="2">idref</subfield></datafield><datafield ind1=" " ind2="7" tag="650"><subfield code="a">Zivilprozessrecht</subfield><subfield code="2">idszbz</subfield></datafield><datafield ind1=" " ind2="0" tag="650"><subfield code="a">Civil procedure</subfield><subfield code="z">France</subfield></datafield><datafield ind1=" " ind2="7" tag="651"><subfield code="a">France</subfield><subfield code="0">(IDREF)027226794</subfield><subfield code="2">idref</subfield></datafield><datafield ind1=" " ind2="7" tag="651"><subfield code="a">Frankreich</subfield><subfield code="2">idszbz</subfield></datafield><datafield ind1=" " ind2="7" tag="655"><subfield code="a">[texte législatif]</subfield><subfield code="2">rerovoc</subfield><subfield code="0">(RERO)A009950157</subfield></datafield><datafield ind1=" " ind2="7" tag="655"><subfield code="a">Manuels d'enseignement</subfield><subfield code="0">(IDREF)027446514</subfield><subfield code="2">idref</subfield></datafield><datafield ind1=" " ind2="7" tag="655"><subfield code="a">Quelle</subfield><subfield code="2">idszbz</subfield></datafield><datafield ind1="1" ind2=" " tag="700"><subfield code="a">Cadiet, Loïc</subfield><subfield code="d">1957-</subfield><subfield code="0">(DE-588)138579474</subfield><subfield code="6">880-02</subfield></datafield><datafield ind1="1" ind2=" " tag="880"><subfield code="6">700-02</subfield><subfield code="a">Cadiet, Loïc</subfield><subfield code="d">1957-....</subfield><subfield code="0">(IDREF)029303958</subfield></datafield><datafield ind1="1" ind2=" " tag="710"><subfield code="a">Frankreich</subfield><subfield code="0">(DE-588)4018145-5</subfield></datafield><datafield ind1="1" ind2="2" tag="710"><subfield code="a">France</subfield><subfield code="t">Code de procédure civile</subfield></datafield><datafield ind1=" " ind2=" " tag="830"><subfield code="a">Juris code</subfield><subfield code="w">(RERO)R003167757-41slsp</subfield></datafield><datafield ind1=" " ind2=" " tag="900"><subfield code="a">REROnoselfmerge</subfield></datafield><datafield ind1=" " ind2=" " tag="900"><subfield code="a">IDSZ2zbzmon200402e</subfield><subfield code="c">IDSZ2gehm</subfield><subfield code="d">IDSZ2zbzswk200402b</subfield><subfield code="e">IDSZ2mali</subfield></datafield></record>
</metadata></record>