<record><header><identifier>oai:alma.41SLSP_UGE:991000013749705502</identifier><datestamp>2024-03-21T01:19:30Z</datestamp><setSpec>uge_bcen_RapidILL_BOOK</setSpec><setSpec>uge_aaca_RapidILL_BOOK</setSpec><setSpec>uge_abels_RapidILL_BOOK</setSpec><setSpec>uge_dbu_RapidILL_BOOK</setSpec><setSpec>uge_cmu_RapidILL_BOOK</setSpec><setSpec>uge_mail_RapidILL_BOOK</setSpec><setSpec>uge_abbat_RapidILL_BOOK</setSpec><setSpec>UNIGE_ALL</setSpec><setSpec>uge_aobs_RapidILL_BOOK</setSpec><setSpec>uge_acar_RapidILL_BOOK</setSpec></header><metadata>
<record xmlns="http://www.loc.gov/MARC21/slim" xmlns:xsi="http://www.w3.org/2001/XMLSchema-instance" xsi:schemaLocation="http://www.loc.gov/MARC21/slim http://www.loc.gov/standards/marcxml/schema/MARC21slim.xsd"><leader>01535nam a2200301 c 4500</leader><controlfield tag="001">991000013749705502</controlfield><controlfield tag="005">20240320232845.0</controlfield><controlfield tag="008">030717s1609    xxk||||| |||| 00| ||eng d</controlfield><datafield ind1=" " ind2=" " tag="035"><subfield code="a">(swissbib)099191660-41slsp_network</subfield></datafield><datafield ind1=" " ind2=" " tag="035"><subfield code="a">099191660</subfield><subfield code="9">ExL</subfield></datafield><datafield ind1=" " ind2=" " tag="035"><subfield code="a">(RERO)R003388493-41slsp</subfield></datafield><datafield ind1=" " ind2=" " tag="035"><subfield code="a">(EXLNZ-41SLSP_NETWORK)991061337609705501</subfield></datafield><datafield ind1=" " ind2=" " tag="040"><subfield code="a">RERO geuchr</subfield><subfield code="d">CH-ZuSLS</subfield></datafield><datafield ind1="1" ind2=" " tag="041"><subfield code="a">eng</subfield><subfield code="h">fre</subfield></datafield><datafield ind1=" " ind2="7" tag="072"><subfield code="a">th</subfield><subfield code="2">rero</subfield></datafield><datafield ind1=" " ind2=" " tag="084"><subfield code="a">11221.T.2</subfield><subfield code="2">brp</subfield></datafield><datafield ind1="1" ind2=" " tag="100"><subfield code="a">Calvin, Jean</subfield><subfield code="d">1509-1564</subfield><subfield code="0">(IDREF)026763362</subfield><subfield code="4">cre</subfield></datafield><datafield ind1="1" ind2="0" tag="245"><subfield code="a">&lt;&lt;A&gt;&gt; commentary upon the prophecies of Isaiah</subfield><subfield code="c">by Mr. John Calvin, whereunto are added foure tables, the first touching places of Scripture alleaged, the second, of the principall matters handled, the third, of authors and divers names mentioned, the fourth, of certaine texts cited out of Isaiah in the new Testament, which by the author in the commentarie are compared and reconciled ; translated out of French into English by C.C</subfield></datafield><datafield ind1=" " ind2="1" tag="264"><subfield code="a">At London</subfield><subfield code="b">imprinted by Felix Kyngston</subfield><subfield code="b">and are to be sold by William Cotton, dwelling in Pater noster row, at the signe of the Golden lion</subfield><subfield code="c">1609</subfield></datafield><datafield ind1=" " ind2=" " tag="300"><subfield code="a">[22], 674, [40] p.</subfield><subfield code="c">fol.</subfield></datafield><datafield ind1=" " ind2=" " tag="336"><subfield code="b">txt</subfield><subfield code="2">rdacontent</subfield></datafield><datafield ind1=" " ind2=" " tag="337"><subfield code="b">n</subfield><subfield code="2">rdamedia</subfield></datafield><datafield ind1=" " ind2=" " tag="338"><subfield code="b">nc</subfield><subfield code="2">rdacarrier</subfield></datafield><datafield ind1=" " ind2=" " tag="500"><subfield code="a">Trad. de: Commentaires sur le prophete Isaïe</subfield></datafield><datafield ind1=" " ind2=" " tag="500"><subfield code="a">Empreinte n-u- a-he m-rd lica (3) 1609.</subfield></datafield><datafield ind1="1" ind2=" " tag="700"><subfield code="a">Kingston, Felix</subfield><subfield code="d">1597-1651</subfield><subfield code="0">(IDREF)170205193</subfield><subfield code="4">prt</subfield></datafield><datafield ind1="1" ind2=" " tag="700"><subfield code="a">Cotton, William</subfield><subfield code="c">libraire à Londres</subfield><subfield code="0">(RERO)A012367643</subfield><subfield code="4">prt</subfield></datafield><datafield ind1=" " ind2=" " tag="751"><subfield code="a">Londres (GB)</subfield><subfield code="4">pup</subfield><subfield code="0">(IDREF)027237249</subfield></datafield><datafield ind1=" " ind2=" " tag="900"><subfield code="a">REROswissbibnomerge</subfield></datafield><datafield ind1=" " ind2=" " tag="993"><subfield code="a">MHR A 106,2(609)</subfield><subfield code="x">ge/mhr-/376</subfield><subfield code="9">LOCAL</subfield></datafield></record>
</metadata></record>