<record><header><identifier>oai:alma.41SLSP_UGE:991000014269705502</identifier><datestamp>2023-03-01T01:08:59Z</datestamp><setSpec>uge_bcen_RapidILL_BOOK</setSpec><setSpec>uge_aaca_RapidILL_BOOK</setSpec><setSpec>uge_abels_RapidILL_BOOK</setSpec><setSpec>uge_dbu_RapidILL_BOOK</setSpec><setSpec>uge_cmu_RapidILL_BOOK</setSpec><setSpec>uge_mail_RapidILL_BOOK</setSpec><setSpec>UNIGE_ALL</setSpec><setSpec>uge_abbat_RapidILL_BOOK</setSpec><setSpec>uge_aobs_RapidILL_BOOK</setSpec><setSpec>uge_acar_RapidILL_BOOK</setSpec></header><metadata>
<record xmlns="http://www.loc.gov/MARC21/slim" xmlns:xsi="http://www.w3.org/2001/XMLSchema-instance" xsi:schemaLocation="http://www.loc.gov/MARC21/slim http://www.loc.gov/standards/marcxml/schema/MARC21slim.xsd"><leader>01702nam a2200493 c 4500</leader><controlfield tag="001">991000014269705502</controlfield><controlfield tag="005">20211121133950.0</controlfield><controlfield tag="008">201011s1988    fr ||||| |||| 00| ||fre d</controlfield><datafield ind1=" " ind2=" " tag="020"><subfield code="z">2903941342</subfield></datafield><datafield ind1=" " ind2=" " tag="035"><subfield code="a">(swissbib)225599031-41slsp_network</subfield></datafield><datafield ind1=" " ind2=" " tag="035"><subfield code="a">225599031</subfield><subfield code="9">ExL</subfield></datafield><datafield ind1=" " ind2=" " tag="035"><subfield code="a">(RERO)1179424-41slsp</subfield></datafield><datafield ind1=" " ind2=" " tag="035"><subfield code="a">(NEBIS)001062849EBI01</subfield></datafield><datafield ind1=" " ind2=" " tag="035"><subfield code="a">(EXLNZ-41SLSP_NETWORK)991035300839705501</subfield></datafield><datafield ind1=" " ind2=" " tag="040"><subfield code="a">RERO geuth-</subfield><subfield code="d">CH-ZuSLS</subfield></datafield><datafield ind1="0" ind2=" " tag="041"><subfield code="a">fre</subfield><subfield code="a">ger</subfield></datafield><datafield ind1=" " ind2="7" tag="072"><subfield code="a">th</subfield><subfield code="2">rero</subfield></datafield><datafield ind1=" " ind2="7" tag="072"><subfield code="a">al</subfield><subfield code="2">rero</subfield></datafield><datafield ind1="0" ind2="4" tag="082"><subfield code="a">189</subfield></datafield><datafield ind1="1" ind2="4" tag="082"><subfield code="a">831.22</subfield><subfield code="2">22</subfield></datafield><datafield ind1="1" ind2="4" tag="082"><subfield code="a">830.3</subfield><subfield code="2">9a</subfield></datafield><datafield ind1="1" ind2="4" tag="082"><subfield code="a">248</subfield></datafield><datafield ind1="0" ind2=" " tag="100"><subfield code="a">Eckhart</subfield><subfield code="c">Meister</subfield><subfield code="d">1260-1328</subfield><subfield code="0">(DE-588)118528823</subfield><subfield code="6">880-01</subfield></datafield><datafield ind1="0" ind2=" " tag="880"><subfield code="6">100-01</subfield><subfield code="a">Eckhart, Johannes</subfield><subfield code="d">1260?-1327?</subfield><subfield code="0">(IDREF)026848198</subfield><subfield code="4">cre</subfield></datafield><datafield ind1="1" ind2="0" tag="245"><subfield code="a">Poème</subfield><subfield code="b">&quot;Granum sinapis&quot;</subfield><subfield code="c">[Eckhart] ; suivi d'un commentaire latin anonyme ; trad. et postface de Alain de Libera</subfield></datafield><datafield ind1="1" ind2=" " tag="246"><subfield code="a">Granum sinapis</subfield></datafield><datafield ind1=" " ind2="1" tag="264"><subfield code="a">Paris</subfield><subfield code="b">Arfuyen</subfield><subfield code="c">1988</subfield></datafield><datafield ind1=" " ind2=" " tag="300"><subfield code="a">67 p.</subfield><subfield code="b">couv. ill.</subfield><subfield code="c">21 cm</subfield></datafield><datafield ind1=" " ind2=" " tag="336"><subfield code="b">txt</subfield><subfield code="2">rdacontent</subfield></datafield><datafield ind1=" " ind2=" " tag="337"><subfield code="b">n</subfield><subfield code="2">rdamedia</subfield></datafield><datafield ind1=" " ind2=" " tag="338"><subfield code="b">nc</subfield><subfield code="2">rdacarrier</subfield></datafield><datafield ind1="1" ind2=" " tag="490"><subfield code="a">Cahier</subfield><subfield code="v">no 37.</subfield><subfield code="a">Alsace</subfield></datafield><datafield ind1=" " ind2=" " tag="500"><subfield code="a">Texte allemand avec trad. française en regard</subfield></datafield><datafield ind1=" " ind2=" " tag="500"><subfield code="a">Gedicht mittelhochdt. und franz., parallel angeordnet</subfield></datafield><datafield ind1=" " ind2=" " tag="504"><subfield code="a">Bibliogr.: p. 67</subfield></datafield><datafield ind1="0" ind2="7" tag="600"><subfield code="a">Eckhart (Meister); Granum sinapis</subfield><subfield code="2">idszbz</subfield></datafield><datafield ind1=" " ind2="7" tag="650"><subfield code="a">Lied</subfield><subfield code="2">idszbz</subfield></datafield><datafield ind1=" " ind2="7" tag="650"><subfield code="a">Mittelhochdeutsch</subfield><subfield code="2">idszbz</subfield></datafield><datafield ind1=" " ind2="7" tag="655"><subfield code="a">Ausgabe</subfield><subfield code="2">idszbz</subfield></datafield><datafield ind1="0" ind2="2" tag="700"><subfield code="a">Eckhart</subfield><subfield code="c">Meister</subfield><subfield code="t">Granum sinapis</subfield></datafield><datafield ind1="1" ind2=" " tag="700"><subfield code="a">Libera, Alain &lt;&lt;de&gt;&gt;</subfield><subfield code="d">1948-</subfield><subfield code="0">(DE-588)130219002</subfield><subfield code="6">880-03</subfield></datafield><datafield ind1="1" ind2=" " tag="880"><subfield code="6">700-03</subfield><subfield code="a">Libera, Alain de</subfield><subfield code="d">1948-....</subfield><subfield code="0">(IDREF)028263200</subfield></datafield><datafield ind1=" " ind2=" " tag="830"><subfield code="a">Arfuyen</subfield><subfield code="p">Cahier</subfield><subfield code="v">37</subfield><subfield code="w">(NEBIS)000989738EBI01</subfield></datafield><datafield ind1=" " ind2=" " tag="830"><subfield code="a">Cahier</subfield><subfield code="p">Arfuyen</subfield><subfield code="v">37</subfield><subfield code="w">(RERO)2176660-41slsp</subfield></datafield><datafield ind1=" " ind2=" " tag="900"><subfield code="a">REROnoselfmerge</subfield></datafield></record>
</metadata></record>