<record><header><identifier>oai:alma.41SLSP_UGE:991000014369705502</identifier><datestamp>2023-03-01T01:08:59Z</datestamp><setSpec>uge_bcen_RapidILL_BOOK</setSpec><setSpec>uge_aaca_RapidILL_BOOK</setSpec><setSpec>uge_abels_RapidILL_BOOK</setSpec><setSpec>uge_dbu_RapidILL_BOOK</setSpec><setSpec>uge_cmu_RapidILL_BOOK</setSpec><setSpec>uge_mail_RapidILL_BOOK</setSpec><setSpec>UNIGE_ALL</setSpec><setSpec>uge_abbat_RapidILL_BOOK</setSpec><setSpec>uge_aobs_RapidILL_BOOK</setSpec><setSpec>uge_acar_RapidILL_BOOK</setSpec></header><metadata>
<record xmlns="http://www.loc.gov/MARC21/slim" xmlns:xsi="http://www.w3.org/2001/XMLSchema-instance" xsi:schemaLocation="http://www.loc.gov/MARC21/slim http://www.loc.gov/standards/marcxml/schema/MARC21slim.xsd"><leader>03121nam a2200409 c 4500</leader><controlfield tag="001">991000014369705502</controlfield><controlfield tag="005">20201227134126.0</controlfield><controlfield tag="008">001223s2000    ru ||||| |||| 00| ||rus d</controlfield><datafield ind1=" " ind2=" " tag="020"><subfield code="a">5819100891</subfield></datafield><datafield ind1=" " ind2=" " tag="035"><subfield code="a">(swissbib)096311908-41slsp_network</subfield></datafield><datafield ind1=" " ind2=" " tag="035"><subfield code="a">096311908</subfield><subfield code="9">ExL</subfield></datafield><datafield ind1=" " ind2=" " tag="035"><subfield code="a">(RERO)R278644960-41slsp</subfield></datafield><datafield ind1=" " ind2=" " tag="035"><subfield code="a">(EXLNZ-41SLSP_NETWORK)991039613629705501</subfield></datafield><datafield ind1=" " ind2=" " tag="040"><subfield code="a">RERO geulru</subfield><subfield code="d">CH-ZuSLS</subfield></datafield><datafield ind1=" " ind2="7" tag="072"><subfield code="a">ru</subfield><subfield code="2">rero</subfield></datafield><datafield ind1="1" ind2=" " tag="100"><subfield code="6">880-01</subfield><subfield code="a">Sevela, Efraim Evelevič</subfield><subfield code="d">1928-2010</subfield><subfield code="0">(IDREF)027134091</subfield><subfield code="4">cre</subfield></datafield><datafield ind1="1" ind2=" " tag="880"><subfield code="6">100-01/(N</subfield><subfield code="a">Севела, Эфраим</subfield></datafield><datafield ind1="1" ind2="0" tag="245"><subfield code="6">880-02</subfield><subfield code="a">Legendy invalidnoĭ ulit︠s︡y</subfield><subfield code="b">Toĭota Korolla</subfield><subfield code="c">Ėfraim Sevela</subfield></datafield><datafield ind1="1" ind2="0" tag="880"><subfield code="6">245-02/(N</subfield><subfield code="a">Легенды инвалидной улицы</subfield><subfield code="b">Тойота Королла</subfield><subfield code="c">Эфраим Севела</subfield></datafield><datafield ind1="1" ind2=" " tag="246"><subfield code="a">Legendy invalidnoj ulicy</subfield><subfield code="b">Tojota Korolla / Ėfraim Sevela</subfield></datafield><datafield ind1=" " ind2="1" tag="264"><subfield code="6">880-03</subfield><subfield code="a">Sankt-Peterburg</subfield><subfield code="b">Kristall</subfield><subfield code="c">2000</subfield></datafield><datafield ind1=" " ind2="1" tag="880"><subfield code="6">264-03/(N</subfield><subfield code="a">Санкт-Петербург</subfield><subfield code="b">Кристалл</subfield><subfield code="c">2000</subfield></datafield><datafield ind1=" " ind2=" " tag="300"><subfield code="a">557 p.</subfield><subfield code="b">portr.</subfield><subfield code="c">21 cm</subfield></datafield><datafield ind1=" " ind2=" " tag="336"><subfield code="b">txt</subfield><subfield code="2">rdacontent</subfield></datafield><datafield ind1=" " ind2=" " tag="337"><subfield code="b">n</subfield><subfield code="2">rdamedia</subfield></datafield><datafield ind1=" " ind2=" " tag="338"><subfield code="b">nc</subfield><subfield code="2">rdacarrier</subfield></datafield><datafield ind1="1" ind2=" " tag="490"><subfield code="6">880-04</subfield><subfield code="a">Mastera russkoj prozy XX veka</subfield></datafield><datafield ind1="0" ind2=" " tag="880"><subfield code="6">490-04/(N</subfield><subfield code="a">Мастера русской прозы ХХ века</subfield></datafield><datafield ind1="1" ind2=" " tag="490"><subfield code="6">880-05</subfield><subfield code="a">Biblioteka mirovoj literatury</subfield></datafield><datafield ind1="0" ind2=" " tag="880"><subfield code="6">490-05/(N</subfield><subfield code="a">Библиотека мировой литературы</subfield></datafield><datafield ind1="1" ind2=" " tag="700"><subfield code="a">Sevela, Ėfraim</subfield></datafield><datafield ind1="1" ind2="2" tag="700"><subfield code="6">880-06</subfield><subfield code="a">Sevela, Ėfraim</subfield><subfield code="t">Tojota Korolla</subfield></datafield><datafield ind1="1" ind2="2" tag="880"><subfield code="6">700-06/(N</subfield><subfield code="a">Севела, Эфраим</subfield><subfield code="t">Тойота Королла</subfield></datafield><datafield ind1=" " ind2="0" tag="830"><subfield code="6">880-07</subfield><subfield code="a">Mastera russkoĭ prozy XX veka</subfield></datafield><datafield ind1=" " ind2="0" tag="880"><subfield code="6">830-07/(N</subfield><subfield code="a">Мастера русской прозы ХХ века</subfield></datafield><datafield ind1=" " ind2=" " tag="830"><subfield code="6">880-08</subfield><subfield code="a">Biblioteka mirovoĭ literatury</subfield><subfield code="w">(RERO)R247349360-41slsp</subfield></datafield><datafield ind1=" " ind2="0" tag="880"><subfield code="6">830-08/(N</subfield><subfield code="a">Библиотека мировой литературы</subfield></datafield><datafield ind1=" " ind2=" " tag="900"><subfield code="a">REROnoselfmerge</subfield></datafield></record>
</metadata></record>