<record><header><identifier>oai:alma.41SLSP_UGE:991000014159705502</identifier><datestamp>2024-05-18T03:21:48Z</datestamp><setSpec>UNIGE_ALL</setSpec></header><metadata>
<record xmlns="http://www.loc.gov/MARC21/slim" xmlns:xsi="http://www.w3.org/2001/XMLSchema-instance" xsi:schemaLocation="http://www.loc.gov/MARC21/slim http://www.loc.gov/standards/marcxml/schema/MARC21slim.xsd"><leader>03154njm a2200661 c 4500</leader><controlfield tag="001">991000014159705502</controlfield><controlfield tag="005">20210207120215.0</controlfield><controlfield tag="007">sd b||e|||||||</controlfield><controlfield tag="008">201012t19731973gw ||n              ger  </controlfield><datafield ind1="0" ind2="2" tag="028"><subfield code="a">1 C 191-30 162/63 Q</subfield><subfield code="b">EMI Electrola</subfield></datafield><datafield ind1="0" ind2="2" tag="028"><subfield code="a">EMI 1 C 191-30 162/63</subfield></datafield><datafield ind1="0" ind2="2" tag="028"><subfield code="a">EMI 1C 157-30162/63</subfield></datafield><datafield ind1=" " ind2=" " tag="035"><subfield code="a">(swissbib)236571699-41slsp_network</subfield></datafield><datafield ind1=" " ind2=" " tag="035"><subfield code="a">236571699</subfield><subfield code="9">ExL</subfield></datafield><datafield ind1=" " ind2=" " tag="035"><subfield code="a">(IDSLU)001244941ILU01</subfield></datafield><datafield ind1=" " ind2=" " tag="035"><subfield code="a">(NEBIS)004872725EBI01</subfield></datafield><datafield ind1=" " ind2=" " tag="035"><subfield code="a">(RERO)R006022126-41slsp</subfield></datafield><datafield ind1=" " ind2=" " tag="035"><subfield code="a">(EXLNZ-41SLSP_NETWORK)991089307749705501</subfield></datafield><datafield ind1=" " ind2=" " tag="040"><subfield code="a">SzZuIDS NEBIS ZBZ</subfield><subfield code="b">ger</subfield><subfield code="e">rda</subfield><subfield code="d">CH-ZuSLS</subfield></datafield><datafield ind1="0" ind2=" " tag="041"><subfield code="a">ger</subfield><subfield code="a">eng</subfield></datafield><datafield ind1=" " ind2="7" tag="072"><subfield code="a">480</subfield><subfield code="2">IDS LU</subfield></datafield><datafield ind1=" " ind2="7" tag="072"><subfield code="a">mu</subfield><subfield code="2">rero</subfield></datafield><datafield ind1="1" ind2=" " tag="100"><subfield code="a">Millöcker, Carl</subfield><subfield code="d">1842-1899</subfield><subfield code="0">(DE-588)119208946</subfield><subfield code="e">Komponist</subfield><subfield code="4">cmp</subfield></datafield><datafield ind1="1" ind2="0" tag="240"><subfield code="a">&lt;&lt;Der&gt;&gt; Bettelstudent</subfield></datafield><datafield ind1="1" ind2="0" tag="245"><subfield code="a">&lt;&lt;Der&gt;&gt; Bettelstudent</subfield><subfield code="b">Operette in drei Akten</subfield><subfield code="c">[Musik von] Carl Millöcker ; Libretto von F. Zell und Richard Genée</subfield></datafield><datafield ind1=" " ind2="1" tag="264"><subfield code="a">Köln</subfield><subfield code="b">EMI Electrola</subfield><subfield code="c">[1973]</subfield></datafield><datafield ind1=" " ind2="4" tag="264"><subfield code="c">℗ 1973</subfield></datafield><datafield ind1=" " ind2=" " tag="300"><subfield code="a">2 Schallplatten</subfield><subfield code="b">33 1/3 UpM</subfield><subfield code="e">1 Begleittext</subfield></datafield><datafield ind1=" " ind2=" " tag="336"><subfield code="b">prm</subfield><subfield code="2">rdacontent</subfield></datafield><datafield ind1=" " ind2=" " tag="337"><subfield code="b">s</subfield><subfield code="2">rdamedia</subfield></datafield><datafield ind1=" " ind2=" " tag="338"><subfield code="b">sd</subfield><subfield code="2">rdacarrier</subfield></datafield><datafield ind1=" " ind2=" " tag="500"><subfield code="a">Gesamtaufnahme</subfield></datafield><datafield ind1=" " ind2=" " tag="500"><subfield code="a">Beil. enthält dt. Libretto</subfield></datafield><datafield ind1=" " ind2=" " tag="500"><subfield code="a">Formation: solistes vocaux, choeur, orchestre symphonique</subfield></datafield><datafield ind1=" " ind2=" " tag="500"><subfield code="a">Langue(s) chantée(s) : allemand</subfield></datafield><datafield ind1="0" ind2=" " tag="511"><subfield code="a">Rita Streich (Laura) ; Renate Holm (Bronislawa) ; Nicolai Gedda (Symon Rymanowicz) ; Herman Prey (Oberst Ollendorf) ; Gerhard Unger (Jan), u.a. ; Chor des Bayerischen Rundfunks ; Symphonie-Orchester Graunke, Franz Allers (Dir.)</subfield></datafield><datafield ind1=" " ind2="7" tag="655"><subfield code="a">Operette</subfield><subfield code="y">19. Jh.</subfield><subfield code="2">idsmusg</subfield></datafield><datafield ind1=" " ind2="7" tag="655"><subfield code="a">Schallplatte</subfield><subfield code="2">gnd-carrier</subfield></datafield><datafield ind1=" " ind2=" " tag="690"><subfield code="a">Bühnenmusik / Musik zu szenischen Werken (Oper, Operette, Musical, Ballett)</subfield><subfield code="2">rzs-LB</subfield></datafield><datafield ind1=" " ind2=" " tag="690"><subfield code="a">Operette</subfield><subfield code="t">19. Jh.</subfield><subfield code="v">Ton</subfield><subfield code="2">ids-music</subfield></datafield><datafield ind1="1" ind2=" " tag="700"><subfield code="a">Millöcker, Carl</subfield><subfield code="d">1842-1899</subfield><subfield code="0">(IDREF)080218083</subfield><subfield code="4">cre</subfield></datafield><datafield ind1="1" ind2="2" tag="700"><subfield code="a">Millöcker, Carl</subfield><subfield code="d">1842-1899</subfield><subfield code="t">&lt;&lt;Der&gt;&gt; Bettelstudent</subfield><subfield code="0">(DE-588)300104928</subfield></datafield><datafield ind1="1" ind2=" " tag="700"><subfield code="a">Streich, Rita</subfield><subfield code="d">1920-1987</subfield><subfield code="0">(DE-588)118755927</subfield><subfield code="e">Sänger</subfield><subfield code="4">sng</subfield></datafield><datafield ind1="1" ind2=" " tag="700"><subfield code="a">Holm, Renate</subfield><subfield code="d">1931-2022</subfield><subfield code="0">(DE-588)11901789X</subfield><subfield code="e">Sänger</subfield><subfield code="4">sng</subfield></datafield><datafield ind1="1" ind2=" " tag="700"><subfield code="a">Gedda, Nicolai</subfield><subfield code="d">1925-2017</subfield><subfield code="0">(DE-588)120540215</subfield><subfield code="e">Sänger</subfield><subfield code="4">sng</subfield></datafield><datafield ind1="1" ind2=" " tag="700"><subfield code="a">Prey, Hermann</subfield><subfield code="d">1929-1998</subfield><subfield code="0">(DE-588)118596470</subfield><subfield code="e">Sänger</subfield><subfield code="4">sng</subfield></datafield><datafield ind1="1" ind2=" " tag="700"><subfield code="a">Unger, Gerhard</subfield><subfield code="d">1916-2011</subfield><subfield code="0">(DE-588)128413131</subfield><subfield code="e">Sänger</subfield><subfield code="4">sng</subfield></datafield><datafield ind1="1" ind2=" " tag="700"><subfield code="a">Zell, F.</subfield><subfield code="d">1829-1895</subfield><subfield code="0">(DE-588)119545780</subfield><subfield code="e">Librettist</subfield><subfield code="4">lbt</subfield><subfield code="6">880-08</subfield></datafield><datafield ind1="1" ind2=" " tag="880"><subfield code="a">Zell, F</subfield><subfield code="0">(RERO)A000180858</subfield><subfield code="6">700-08</subfield></datafield><datafield ind1="1" ind2=" " tag="700"><subfield code="a">Genée, Richard</subfield><subfield code="d">1823-1895</subfield><subfield code="0">(DE-588)119312212</subfield><subfield code="e">Librettist</subfield><subfield code="4">lbt</subfield><subfield code="6">880-09</subfield></datafield><datafield ind1="1" ind2=" " tag="880"><subfield code="6">700-09</subfield><subfield code="a">Genée, Richard</subfield><subfield code="d">1823-1895</subfield><subfield code="0">(IDREF)08002002X</subfield></datafield><datafield ind1="1" ind2=" " tag="700"><subfield code="a">Allers, Franz</subfield><subfield code="d">1905-1995</subfield><subfield code="0">(DE-588)10401928X</subfield><subfield code="e">Dirigent</subfield><subfield code="4">cnd</subfield><subfield code="6">880-10</subfield></datafield><datafield ind1="1" ind2=" " tag="880"><subfield code="6">700-10</subfield><subfield code="a">Allers, Franz</subfield><subfield code="d">1905-1995</subfield><subfield code="0">(IDREF)161510450</subfield></datafield><datafield ind1="2" ind2=" " tag="710"><subfield code="a">Symphonie-Orchester Graunke (München)</subfield><subfield code="0">(RERO)A003879640</subfield></datafield><datafield ind1="2" ind2=" " tag="710"><subfield code="a">Symphonie-Orchester Graunke</subfield><subfield code="g">München</subfield><subfield code="0">(DE-588)1212829-6</subfield><subfield code="e">Instrumentalmusiker</subfield><subfield code="4">itr</subfield></datafield><datafield ind1="2" ind2=" " tag="710"><subfield code="a">Rundfunkchor München</subfield><subfield code="0">(DE-588)1087330-2</subfield><subfield code="e">Sänger</subfield><subfield code="4">sng</subfield><subfield code="6">880-12</subfield></datafield><datafield ind1="2" ind2=" " tag="880"><subfield code="6">710-12</subfield><subfield code="a">Bayerischer Rundfunk</subfield><subfield code="b">Chor</subfield><subfield code="0">(IDREF)081260393</subfield></datafield><datafield ind1=" " ind2=" " tag="900"><subfield code="a">IDSZ2zbzton200412r</subfield><subfield code="c">IDSZ2fisu</subfield></datafield><datafield ind1=" " ind2=" " tag="900"><subfield code="a">REROnoselfmerge</subfield></datafield><datafield ind1=" " ind2=" " tag="960"><subfield code="2">matmu</subfield><subfield code="a">Romantisme ; XIXe ; Opérette</subfield><subfield code="9">LOCAL</subfield></datafield></record>
</metadata></record>