<record><header><identifier>oai:alma.41SLSP_UGE:991000013639705502</identifier><datestamp>2024-03-09T01:42:22Z</datestamp><setSpec>uge_bcen_RapidILL_BOOK</setSpec><setSpec>uge_aaca_RapidILL_BOOK</setSpec><setSpec>uge_abels_RapidILL_BOOK</setSpec><setSpec>uge_dbu_RapidILL_BOOK</setSpec><setSpec>uge_cmu_RapidILL_BOOK</setSpec><setSpec>uge_mail_RapidILL_BOOK</setSpec><setSpec>uge_abbat_RapidILL_BOOK</setSpec><setSpec>UNIGE_ALL</setSpec><setSpec>uge_acar_RapidILL_BOOK</setSpec><setSpec>uge_aobs_RapidILL_BOOK</setSpec></header><metadata>
<record xmlns="http://www.loc.gov/MARC21/slim" xmlns:xsi="http://www.w3.org/2001/XMLSchema-instance" xsi:schemaLocation="http://www.loc.gov/MARC21/slim http://www.loc.gov/standards/marcxml/schema/MARC21slim.xsd"><leader>03592nam a2200841 c 4500</leader><controlfield tag="001">991000013639705502</controlfield><controlfield tag="005">20240308060052.0</controlfield><controlfield tag="008">201012s2016    gw ||||| |||| 00| ||ger d</controlfield><datafield ind1=" " ind2=" " tag="015"><subfield code="a">16,N17</subfield><subfield code="2">dnb</subfield></datafield><datafield ind1="7" ind2=" " tag="016"><subfield code="a">1097778169</subfield><subfield code="2">DE-101</subfield></datafield><datafield ind1=" " ind2=" " tag="020"><subfield code="a">3805350341</subfield></datafield><datafield ind1=" " ind2=" " tag="020"><subfield code="a">9783805350341</subfield><subfield code="c">mit Schutzumschlag : EUR 30.80 (AT), EUR 29.95 (DE)</subfield></datafield><datafield ind1="7" ind2=" " tag="024"><subfield code="a">http://catalogue.bnf.fr/ark:/12148/cb452398324</subfield><subfield code="2">uri</subfield></datafield><datafield ind1=" " ind2=" " tag="035"><subfield code="a">(swissbib)238005585-41slsp_network</subfield></datafield><datafield ind1=" " ind2=" " tag="035"><subfield code="a">238005585</subfield><subfield code="9">ExL</subfield></datafield><datafield ind1=" " ind2=" " tag="035"><subfield code="a">(RERO)R008439915-41slsp</subfield></datafield><datafield ind1=" " ind2=" " tag="035"><subfield code="a">(IDSBB)006653471DSV01</subfield></datafield><datafield ind1=" " ind2=" " tag="035"><subfield code="a">(NEBIS)010670009EBI01</subfield></datafield><datafield ind1=" " ind2=" " tag="035"><subfield code="a">(IDSLU)001264476ILU01</subfield></datafield><datafield ind1=" " ind2=" " tag="035"><subfield code="a">(OCoLC)948692085</subfield></datafield><datafield ind1=" " ind2=" " tag="035"><subfield code="a">(ABN)000802107ABN01</subfield></datafield><datafield ind1=" " ind2=" " tag="035"><subfield code="a">(EXLNZ-41SLSP_NETWORK)991064929709705501</subfield></datafield><datafield ind1=" " ind2=" " tag="040"><subfield code="a">1245</subfield><subfield code="b">ger</subfield><subfield code="d">CH-ZuSLS</subfield></datafield><datafield ind1=" " ind2=" " tag="044"><subfield code="c">XA-DE-HE</subfield></datafield><datafield ind1=" " ind2="7" tag="072"><subfield code="a">ar</subfield><subfield code="2">rero</subfield></datafield><datafield ind1=" " ind2="7" tag="072"><subfield code="a">ha</subfield><subfield code="2">rero</subfield></datafield><datafield ind1=" " ind2="7" tag="072"><subfield code="a">ar</subfield><subfield code="2">SzZuIDS BS/BE</subfield></datafield><datafield ind1=" " ind2="7" tag="072"><subfield code="a">ag</subfield><subfield code="2">SzZuIDS BS/BE</subfield></datafield><datafield ind1=" " ind2="7" tag="072"><subfield code="a">600</subfield><subfield code="2">IDS LU</subfield></datafield><datafield ind1="0" ind2="4" tag="082"><subfield code="a">939.28</subfield><subfield code="2">22/ger</subfield></datafield><datafield ind1="0" ind2="4" tag="082"><subfield code="a">930</subfield><subfield code="q">DE-101</subfield></datafield><datafield ind1="1" ind2="4" tag="082"><subfield code="a">930</subfield><subfield code="2">15</subfield></datafield><datafield ind1="1" ind2="4" tag="082"><subfield code="a">937</subfield></datafield><datafield ind1=" " ind2=" " tag="084"><subfield code="a">930</subfield><subfield code="2">sdnb</subfield></datafield><datafield ind1=" " ind2=" " tag="084"><subfield code="a">LF 3253</subfield><subfield code="2">rvk</subfield></datafield><datafield ind1=" " ind2=" " tag="084"><subfield code="a">NG 5080</subfield><subfield code="2">rvk</subfield></datafield><datafield ind1=" " ind2=" " tag="084"><subfield code="a">NG 5080</subfield><subfield code="2">rvk</subfield></datafield><datafield ind1="0" ind2="0" tag="245"><subfield code="a">Patara</subfield><subfield code="b">Lykiens Tor zur römischen Welt</subfield><subfield code="c">Havva Iskan, Christof Schuler, Sevket Aktas, Denise Reitzenstein, Andrea Schmölder-Veit, Mustafa Koçak (Hrsg.)</subfield></datafield><datafield ind1=" " ind2="1" tag="264"><subfield code="a">Darmstadt</subfield><subfield code="b">Philipp von Zabern</subfield><subfield code="c">[2016]</subfield></datafield><datafield ind1=" " ind2=" " tag="300"><subfield code="a">143 p.</subfield><subfield code="b">Illustrationen</subfield><subfield code="c">30 cm x 24 cm</subfield></datafield><datafield ind1=" " ind2=" " tag="336"><subfield code="b">sti</subfield><subfield code="2">rdacontent</subfield></datafield><datafield ind1=" " ind2=" " tag="336"><subfield code="b">txt</subfield><subfield code="2">rdacontent</subfield></datafield><datafield ind1=" " ind2=" " tag="337"><subfield code="b">n</subfield><subfield code="2">rdamedia</subfield></datafield><datafield ind1=" " ind2=" " tag="338"><subfield code="b">nc</subfield><subfield code="2">rdacarrier</subfield></datafield><datafield ind1="0" ind2=" " tag="490"><subfield code="a">Zaberns Bildbände zur Archäologie</subfield></datafield><datafield ind1="0" ind2=" " tag="490"><subfield code="a">Sonderbände der Antiken Welt</subfield></datafield><datafield ind1=" " ind2=" " tag="500"><subfield code="a">Begleitband zur Sonderausstellung, die vom 30.11.2016 bis zum 07.04.2017 im Museum für Abgüsse Klassischer Bildwerke in München stattfindet</subfield></datafield><datafield ind1=" " ind2=" " tag="500"><subfield code="a">Begleitband der gleichnamigen Ausstellung, die ab November 2016 u.a. in München und Münster zu sehen ist</subfield></datafield><datafield ind1=" " ind2="7" tag="648"><subfield code="a">Geschichte</subfield><subfield code="2">gnd</subfield></datafield><datafield ind1=" " ind2="7" tag="650"><subfield code="a">Fouilles archéologiques</subfield><subfield code="0">(IDREF)027264874</subfield><subfield code="2">idref</subfield></datafield><datafield ind1=" " ind2="7" tag="650"><subfield code="a">Antiquités</subfield><subfield code="0">(IDREF)027386236</subfield><subfield code="2">idref</subfield></datafield><datafield ind1=" " ind2="7" tag="650"><subfield code="a">Ports</subfield><subfield code="0">(IDREF)027266125</subfield><subfield code="2">idref</subfield></datafield><datafield ind1=" " ind2="7" tag="650"><subfield code="a">Expansion territoriale</subfield><subfield code="z">Rome</subfield><subfield code="0">(IDREF)195064933</subfield><subfield code="2">idref</subfield></datafield><datafield ind1=" " ind2="7" tag="651"><subfield code="a">Patara (Turquie)</subfield><subfield code="0">(RERO)A027665379</subfield><subfield code="2">rero</subfield></datafield><datafield ind1=" " ind2="7" tag="651"><subfield code="a">Patara</subfield><subfield code="g">Lykien</subfield><subfield code="0">(DE-588)4759533-4</subfield><subfield code="2">gnd</subfield></datafield><datafield ind1=" " ind2="7" tag="655"><subfield code="a">[Études diverses]</subfield><subfield code="0">(RERO)A022249905</subfield><subfield code="2">rero</subfield></datafield><datafield ind1=" " ind2="7" tag="655"><subfield code="a">Ausstellungskatalog</subfield><subfield code="z">München</subfield><subfield code="y">2016-2017</subfield><subfield code="2">gnd-content</subfield></datafield><datafield ind1=" " ind2="7" tag="655"><subfield code="a">Bildband</subfield><subfield code="2">gnd-content</subfield></datafield><datafield ind1="1" ind2=" " tag="700"><subfield code="a">Aktas, Sevket</subfield><subfield code="0">(RERO)A026442996</subfield></datafield><datafield ind1="1" ind2=" " tag="700"><subfield code="a">Koçak, Mustafa</subfield><subfield code="d">1972-....</subfield><subfield code="0">(IDREF)168409569</subfield></datafield><datafield ind1="1" ind2=" " tag="700"><subfield code="a">Reitzenstein, Denise</subfield><subfield code="0">(IDREF)163707308</subfield></datafield><datafield ind1="1" ind2=" " tag="700"><subfield code="a">Schmölder-Veit, Andrea</subfield><subfield code="d">19..-....</subfield><subfield code="0">(IDREF)142335282</subfield></datafield><datafield ind1="1" ind2=" " tag="700"><subfield code="6">880-06</subfield><subfield code="a">Schuler, Christof</subfield><subfield code="d">1965-</subfield><subfield code="0">(DE-588)120294796</subfield><subfield code="e">Herausgeber</subfield><subfield code="4">edt</subfield></datafield><datafield ind1="1" ind2=" " tag="880"><subfield code="6">700-06</subfield><subfield code="a">Schuler, Christof</subfield><subfield code="c">historien</subfield><subfield code="0">(IDREF)035806176</subfield></datafield><datafield ind1="1" ind2=" " tag="700"><subfield code="a">İşkan, Havva</subfield><subfield code="0">(IDREF)162418221</subfield></datafield><datafield ind1="2" ind2=" " tag="710"><subfield code="a">Museum für Abgüsse Klassischer Bildwerke München</subfield><subfield code="0">(DE-588)811216-2</subfield><subfield code="e">Gastgebende Institution</subfield><subfield code="4">his</subfield></datafield><datafield ind1=" " ind2="0" tag="830"><subfield code="a">Zaberns Bildbände zur Archäologie</subfield><subfield code="w">(IDSBB)000880995DSV01</subfield></datafield><datafield ind1=" " ind2="0" tag="830"><subfield code="a">Sonderbände der Antiken Welt</subfield><subfield code="w">(IDSBB)000017281DSV01</subfield></datafield><datafield ind1="4" ind2=" " tag="856"><subfield code="3">Titelblatt und Inhaltsverzeichnis</subfield><subfield code="u">https://toc.library.ethz.ch/objects/pdf03/z01_978-3-8053-5034-1_01.pdf</subfield><subfield code="q">pdf</subfield></datafield><datafield ind1=" " ind2=" " tag="900"><subfield code="a">REROnoselfmerge</subfield></datafield><datafield ind1=" " ind2=" " tag="900"><subfield code="a">IDSDSStoppsignal FRED</subfield></datafield><datafield ind1=" " ind2=" " tag="900"><subfield code="a">IDSZ2zbzmon201611f</subfield><subfield code="c">IDSZ2stad</subfield><subfield code="d">IDSZ2zbzswk201612g</subfield><subfield code="e">IDSZ2schl</subfield></datafield><datafield ind1=" " ind2=" " tag="910"><subfield code="a">DNB</subfield><subfield code="b">20160602</subfield></datafield><datafield ind1=" " ind2=" " tag="949"><subfield code="a">https://toc.library.ethz.ch/objects/pdf03/z01_978-3-8053-5034-1_01.pdf</subfield></datafield></record>
</metadata></record>