<record><header><identifier>oai:alma.41SLSP_UGE:991000013949705502</identifier><datestamp>2023-03-01T01:08:59Z</datestamp><setSpec>uge_bcen_RapidILL_BOOK</setSpec><setSpec>uge_aaca_RapidILL_BOOK</setSpec><setSpec>uge_abels_RapidILL_BOOK</setSpec><setSpec>uge_dbu_RapidILL_BOOK</setSpec><setSpec>uge_cmu_RapidILL_BOOK</setSpec><setSpec>uge_mail_RapidILL_BOOK</setSpec><setSpec>UNIGE_ALL</setSpec><setSpec>uge_abbat_RapidILL_BOOK</setSpec><setSpec>uge_aobs_RapidILL_BOOK</setSpec><setSpec>uge_acar_RapidILL_BOOK</setSpec></header><metadata>
<record xmlns="http://www.loc.gov/MARC21/slim" xmlns:xsi="http://www.w3.org/2001/XMLSchema-instance" xsi:schemaLocation="http://www.loc.gov/MARC21/slim http://www.loc.gov/standards/marcxml/schema/MARC21slim.xsd"><leader>02164nam a2200541 c 4500</leader><controlfield tag="001">991000013949705502</controlfield><controlfield tag="005">20211121121228.0</controlfield><controlfield tag="008">201011s1984    it ||||| |||| 00| ||grc d</controlfield><datafield ind1=" " ind2=" " tag="020"><subfield code="a">8822100972</subfield></datafield><datafield ind1=" " ind2=" " tag="035"><subfield code="a">(swissbib)22202299X-41slsp_network</subfield></datafield><datafield ind1=" " ind2=" " tag="035"><subfield code="a">22202299X</subfield><subfield code="9">ExL</subfield></datafield><datafield ind1=" " ind2=" " tag="035"><subfield code="a">(RERO)0962394-41slsp</subfield></datafield><datafield ind1=" " ind2=" " tag="035"><subfield code="a">(IDSBB)000152954DSV01</subfield></datafield><datafield ind1=" " ind2=" " tag="035"><subfield code="a">(NEBIS)003243607EBI01</subfield></datafield><datafield ind1=" " ind2=" " tag="035"><subfield code="a">(EXLNZ-41SLSP_NETWORK)991075861739705501</subfield></datafield><datafield ind1=" " ind2=" " tag="040"><subfield code="a">RERO geulsa</subfield><subfield code="d">CH-ZuSLS</subfield></datafield><datafield ind1="1" ind2=" " tag="041"><subfield code="a">grc</subfield><subfield code="h">ita</subfield></datafield><datafield ind1=" " ind2="7" tag="072"><subfield code="a">gr</subfield><subfield code="2">rero</subfield></datafield><datafield ind1=" " ind2="7" tag="072"><subfield code="a">kp</subfield><subfield code="2">SzZuIDS BS/BE</subfield></datafield><datafield ind1="0" ind2="4" tag="082"><subfield code="a">339.2/2/0945</subfield><subfield code="2">19</subfield></datafield><datafield ind1="0" ind2="4" tag="082"><subfield code="a">881</subfield><subfield code="b">A6, Pm</subfield></datafield><datafield ind1="0" ind2="4" tag="082"><subfield code="a">937</subfield></datafield><datafield ind1=" " ind2=" " tag="084"><subfield code="a">FH 63450</subfield><subfield code="2">rvk</subfield></datafield><datafield ind1=" " ind2=" " tag="084"><subfield code="a">FH 63451</subfield><subfield code="2">rvk</subfield></datafield><datafield ind1="0" ind2=" " tag="100"><subfield code="a">Appianus</subfield><subfield code="d">95-162</subfield><subfield code="0">(DE-588)118649892</subfield><subfield code="6">880-01</subfield></datafield><datafield ind1="0" ind2=" " tag="880"><subfield code="6">100-01</subfield><subfield code="a">Appien</subfield><subfield code="d">0095?-0160?</subfield><subfield code="0">(IDREF)028190521</subfield><subfield code="4">cre</subfield></datafield><datafield ind1="1" ind2="0" tag="240"><subfield code="a">Bellum civile</subfield><subfield code="p">Lib. 3</subfield></datafield><datafield ind1="1" ind2="0" tag="245"><subfield code="a">Appiani Bellorum civilium liber tertius</subfield><subfield code="c">testo critico, introd., trad. e commento a cura di Domenico Magnino</subfield></datafield><datafield ind1=" " ind2="1" tag="264"><subfield code="a">Firenze</subfield><subfield code="b">La Nuova Italia</subfield><subfield code="c">1984</subfield></datafield><datafield ind1=" " ind2=" " tag="300"><subfield code="a">253 p.</subfield><subfield code="c">24 cm</subfield></datafield><datafield ind1=" " ind2=" " tag="336"><subfield code="b">txt</subfield><subfield code="2">rdacontent</subfield></datafield><datafield ind1=" " ind2=" " tag="337"><subfield code="b">n</subfield><subfield code="2">rdamedia</subfield></datafield><datafield ind1=" " ind2=" " tag="338"><subfield code="b">nc</subfield><subfield code="2">rdacarrier</subfield></datafield><datafield ind1="1" ind2=" " tag="490"><subfield code="a">Pubblicazioni della Facoltà di lettere e filosofia dell'Università di Pavia</subfield><subfield code="v">32. Dipartimento di scienze dell'antichità</subfield></datafield><datafield ind1=" " ind2=" " tag="500"><subfield code="a">Titre conventionnel: Bella civilia.</subfield></datafield><datafield ind1=" " ind2=" " tag="500"><subfield code="a">Originaltitel: Bellum civile, Lib. 3</subfield></datafield><datafield ind1=" " ind2=" " tag="500"><subfield code="a">Text griech. und ital., Einleitung und Kommentar ital.</subfield></datafield><datafield ind1=" " ind2="7" tag="648"><subfield code="a">Geschichte 44 v. Chr.-43 v. Chr</subfield><subfield code="2">gnd</subfield></datafield><datafield ind1=" " ind2="0" tag="650"><subfield code="a">Income distribution</subfield><subfield code="z">Italy</subfield></datafield><datafield ind1=" " ind2="0" tag="650"><subfield code="a">Income</subfield><subfield code="z">Italy</subfield></datafield><datafield ind1=" " ind2="7" tag="651"><subfield code="a">Römisches Reich</subfield><subfield code="0">(DE-588)4076778-4</subfield><subfield code="2">gnd</subfield></datafield><datafield ind1=" " ind2="0" tag="651"><subfield code="a">Rome</subfield><subfield code="x">History</subfield><subfield code="y">Civil War, 43-31 B.C</subfield></datafield><datafield ind1=" " ind2="7" tag="655"><subfield code="a">Quelle</subfield><subfield code="2">gnd-content</subfield></datafield><datafield ind1="1" ind2=" " tag="700"><subfield code="a">Magnino, Domenico</subfield><subfield code="d">1926-2002</subfield><subfield code="0">(IDREF)029922518</subfield></datafield><datafield ind1=" " ind2=" " tag="830"><subfield code="a">Pubblicazioni della Facoltà di lettere e filosofia dell'Università di Pavia</subfield><subfield code="v">32</subfield><subfield code="w">(IDSBB)000152945DSV01</subfield></datafield><datafield ind1=" " ind2=" " tag="830"><subfield code="a">Pubblicazioni della Facoltà di lettere e filosofia dell'Università di Pavia</subfield><subfield code="v">32 '</subfield><subfield code="w">(RERO)0023505-41slsp</subfield></datafield><datafield ind1=" " ind2=" " tag="830"><subfield code="a">Pubblicazioni della Facoltà di Lettere e Filosofia dell'Università di Pavia</subfield><subfield code="v">32</subfield><subfield code="w">(NEBIS)000986792EBI01</subfield></datafield><datafield ind1=" " ind2=" " tag="900"><subfield code="a">REROnoselfmerge</subfield></datafield><datafield ind1=" " ind2=" " tag="900"><subfield code="a">IDSZRMedeaZBZ</subfield><subfield code="e">IDSZRgenh</subfield></datafield></record>
</metadata></record>