<record><header><identifier>oai:alma.41SLSP_UGE:991000013659705502</identifier><datestamp>2024-03-08T01:24:53Z</datestamp><setSpec>uge_bcen_RapidILL_BOOK</setSpec><setSpec>uge_aaca_RapidILL_BOOK</setSpec><setSpec>uge_abels_RapidILL_BOOK</setSpec><setSpec>uge_dbu_RapidILL_BOOK</setSpec><setSpec>uge_cmu_RapidILL_BOOK</setSpec><setSpec>uge_mail_RapidILL_BOOK</setSpec><setSpec>uge_abbat_RapidILL_BOOK</setSpec><setSpec>UNIGE_ALL</setSpec><setSpec>uge_acar_RapidILL_BOOK</setSpec><setSpec>uge_aobs_RapidILL_BOOK</setSpec></header><metadata>
<record xmlns="http://www.loc.gov/MARC21/slim" xmlns:xsi="http://www.w3.org/2001/XMLSchema-instance" xsi:schemaLocation="http://www.loc.gov/MARC21/slim http://www.loc.gov/standards/marcxml/schema/MARC21slim.xsd"><leader>01672nam a2200445 c 4500</leader><controlfield tag="001">991000013659705502</controlfield><controlfield tag="005">20240307234533.0</controlfield><controlfield tag="008">201012s1967    it ||||| |||| 00| ||ita d</controlfield><datafield ind1=" " ind2=" " tag="035"><subfield code="a">(swissbib)237269910-41slsp_network</subfield></datafield><datafield ind1=" " ind2=" " tag="035"><subfield code="a">237269910</subfield><subfield code="9">ExL</subfield></datafield><datafield ind1=" " ind2=" " tag="035"><subfield code="a">(RERO)0807758-41slsp</subfield></datafield><datafield ind1=" " ind2=" " tag="035"><subfield code="a">(SBT)000081317SBT01</subfield></datafield><datafield ind1=" " ind2=" " tag="035"><subfield code="a">(NEBIS)004831898EBI01</subfield></datafield><datafield ind1=" " ind2=" " tag="035"><subfield code="a">(ABN)000032291ABN01</subfield></datafield><datafield ind1=" " ind2=" " tag="035"><subfield code="a">(CH-UniLiZuSLS)991128000649705501</subfield></datafield><datafield ind1=" " ind2=" " tag="035"><subfield code="a">(UNILI)000319469LLB01</subfield></datafield><datafield ind1=" " ind2=" " tag="035"><subfield code="a">(EXLNZ-41SLSP_NETWORK)991128000649705501</subfield></datafield><datafield ind1=" " ind2=" " tag="040"><subfield code="a">RERO geulha</subfield><subfield code="d">CH-ZuSLS</subfield></datafield><datafield ind1=" " ind2="7" tag="072"><subfield code="a">at</subfield><subfield code="2">rero</subfield></datafield><datafield ind1=" " ind2="7" tag="072"><subfield code="a">ba</subfield><subfield code="2">rero</subfield></datafield><datafield ind1="1" ind2=" " tag="100"><subfield code="6">880-01</subfield><subfield code="a">Portoghesi, Paolo</subfield><subfield code="d">1931-2023</subfield><subfield code="0">(IDREF)028337107</subfield><subfield code="4">cre</subfield></datafield><datafield ind1="1" ind2=" " tag="880"><subfield code="a">Portoghesi, Paolo</subfield><subfield code="d">1931-2023</subfield><subfield code="6">100-01</subfield><subfield code="0">(DE-588)120217430</subfield></datafield><datafield ind1="1" ind2="0" tag="245"><subfield code="a">Borromini</subfield><subfield code="b">architettura come linguaggio</subfield><subfield code="c">Paolo Portoghesi ; ed. dalla Società ticinese di Belle Arti</subfield></datafield><datafield ind1=" " ind2="1" tag="264"><subfield code="a">Roma</subfield><subfield code="b">U. Bozzi</subfield><subfield code="a">Milano</subfield><subfield code="b">Electa</subfield><subfield code="c">1967</subfield></datafield><datafield ind1=" " ind2=" " tag="300"><subfield code="a">IV, 441 p.</subfield><subfield code="b">ill.</subfield><subfield code="c">29 cm</subfield></datafield><datafield ind1=" " ind2=" " tag="336"><subfield code="b">txt</subfield><subfield code="2">rdacontent</subfield></datafield><datafield ind1=" " ind2=" " tag="337"><subfield code="b">n</subfield><subfield code="2">rdamedia</subfield></datafield><datafield ind1=" " ind2=" " tag="338"><subfield code="b">nc</subfield><subfield code="2">rdacarrier</subfield></datafield><datafield ind1=" " ind2=" " tag="504"><subfield code="a">Bibliogr.: p. 431-434</subfield></datafield><datafield ind1="1" ind2="7" tag="600"><subfield code="a">Borromini, Francesco</subfield><subfield code="d">1599-1667</subfield><subfield code="0">(IDREF)033048746</subfield><subfield code="2">idref</subfield></datafield><datafield ind1="1" ind2="7" tag="600"><subfield code="a">Borromini, Francesco</subfield><subfield code="2">sbt12</subfield></datafield><datafield ind1="1" ind2="7" tag="600"><subfield code="a">Borromini, Francesco</subfield><subfield code="d">1599-1667</subfield><subfield code="0">(DE-588)118513745</subfield><subfield code="2">gnd</subfield></datafield><datafield ind1=" " ind2=" " tag="690"><subfield code="a">Borromini, Francesco</subfield><subfield code="2">uzb-US</subfield></datafield><datafield ind1=" " ind2=" " tag="691"><subfield code="e">720.030</subfield><subfield code="2">usi-TM</subfield></datafield><datafield ind1="1" ind2=" " tag="700"><subfield code="6">880-02</subfield><subfield code="a">Borromini, Francesco</subfield><subfield code="d">1599-1667</subfield><subfield code="0">(IDREF)033048746</subfield></datafield><datafield ind1="1" ind2=" " tag="880"><subfield code="6">700-02</subfield><subfield code="a">Borromini, Francesco</subfield><subfield code="0">(SBT11)000001072</subfield></datafield><datafield ind1="2" ind2=" " tag="710"><subfield code="6">880-03</subfield><subfield code="a">Società ticinese di belle arti</subfield><subfield code="0">(RERO)A003842601</subfield></datafield><datafield ind1="2" ind2=" " tag="880"><subfield code="6">710-03</subfield><subfield code="a">Società ticinese di belle arti</subfield><subfield code="0">(SBT11)000010780</subfield></datafield><datafield ind1=" " ind2=" " tag="900"><subfield code="a">REROnoselfmerge</subfield></datafield><datafield ind1=" " ind2=" " tag="900"><subfield code="a">IDSERMedeaSIK</subfield></datafield><datafield ind1=" " ind2=" " tag="900"><subfield code="f">IDSU2medea</subfield></datafield><datafield ind1=" " ind2=" " tag="993"><subfield code="a">BFLB 3279</subfield><subfield code="x">ge/ulha/a/87/227</subfield><subfield code="9">LOCAL</subfield></datafield></record>
</metadata></record>