<record><header><identifier>oai:alma.41SLSP_UGE:991000014179705502</identifier><datestamp>2023-03-01T01:08:59Z</datestamp><setSpec>uge_bcen_RapidILL_BOOK</setSpec><setSpec>uge_aaca_RapidILL_BOOK</setSpec><setSpec>uge_abels_RapidILL_BOOK</setSpec><setSpec>uge_dbu_RapidILL_BOOK</setSpec><setSpec>uge_cmu_RapidILL_BOOK</setSpec><setSpec>uge_mail_RapidILL_BOOK</setSpec><setSpec>UNIGE_ALL</setSpec><setSpec>uge_abbat_RapidILL_BOOK</setSpec><setSpec>uge_aobs_RapidILL_BOOK</setSpec><setSpec>uge_acar_RapidILL_BOOK</setSpec></header><metadata>
<record xmlns="http://www.loc.gov/MARC21/slim" xmlns:xsi="http://www.w3.org/2001/XMLSchema-instance" xsi:schemaLocation="http://www.loc.gov/MARC21/slim http://www.loc.gov/standards/marcxml/schema/MARC21slim.xsd"><leader>00967nam a2200289 c 4500</leader><controlfield tag="001">991000014179705502</controlfield><controlfield tag="005">20211109050248.0</controlfield><controlfield tag="008">910613s1903    fr ||||| |||| 00| ||fre d</controlfield><datafield ind1=" " ind2=" " tag="035"><subfield code="a">(swissbib)085638064-41slsp_network</subfield></datafield><datafield ind1=" " ind2=" " tag="035"><subfield code="a">085638064</subfield><subfield code="9">ExL</subfield></datafield><datafield ind1=" " ind2=" " tag="035"><subfield code="a">(RERO)1389606-41slsp</subfield></datafield><datafield ind1=" " ind2=" " tag="035"><subfield code="a">(EXLNZ-41SLSP_NETWORK)991096284509705501</subfield></datafield><datafield ind1=" " ind2=" " tag="040"><subfield code="a">RERO geudbu</subfield><subfield code="d">CH-ZuSLS</subfield></datafield><datafield ind1="1" ind2=" " tag="041"><subfield code="a">fre</subfield><subfield code="h">grc</subfield></datafield><datafield ind1=" " ind2="7" tag="072"><subfield code="a">gr</subfield><subfield code="2">rero</subfield></datafield><datafield ind1="0" ind2=" " tag="100"><subfield code="a">Épictète</subfield><subfield code="d">0050?-0130?</subfield><subfield code="0">(IDREF)026851822</subfield><subfield code="4">cre</subfield></datafield><datafield ind1="1" ind2="0" tag="245"><subfield code="a">Manuel</subfield><subfield code="b">texte grec</subfield><subfield code="c">Epictète ; précédé d'une introd., accompagné de notes et suivi d'un lexique des mots techniques qui se trouvent dans l'ouvrage par Charles Thurot</subfield></datafield><datafield ind1=" " ind2=" " tag="250"><subfield code="a">Nouv. éd</subfield></datafield><datafield ind1=" " ind2="1" tag="264"><subfield code="a">Paris</subfield><subfield code="b">Hachette</subfield><subfield code="c">1903</subfield></datafield><datafield ind1=" " ind2=" " tag="300"><subfield code="a">XXXVI, 71 p.</subfield><subfield code="c">16 cm</subfield></datafield><datafield ind1=" " ind2=" " tag="336"><subfield code="b">txt</subfield><subfield code="2">rdacontent</subfield></datafield><datafield ind1=" " ind2=" " tag="337"><subfield code="b">n</subfield><subfield code="2">rdamedia</subfield></datafield><datafield ind1=" " ind2=" " tag="338"><subfield code="b">nc</subfield><subfield code="2">rdacarrier</subfield></datafield><datafield ind1="1" ind2=" " tag="490"><subfield code="a">Classiques grecs</subfield></datafield><datafield ind1=" " ind2=" " tag="500"><subfield code="a">Titre conventionnel: Enchiridion</subfield></datafield><datafield ind1="1" ind2=" " tag="700"><subfield code="a">Thurot, Charles</subfield><subfield code="0">(RERO)A003899890</subfield></datafield><datafield ind1=" " ind2="0" tag="830"><subfield code="a">Classiques grecs</subfield></datafield><datafield ind1=" " ind2=" " tag="900"><subfield code="a">REROnoselfmerge</subfield></datafield></record>
</metadata></record>