<record><header><identifier>oai:alma.41SLSP_UGE:991000013449705502</identifier><datestamp>2023-03-01T01:08:59Z</datestamp><setSpec>uge_bcen_RapidILL_BOOK</setSpec><setSpec>uge_aaca_RapidILL_BOOK</setSpec><setSpec>uge_abels_RapidILL_BOOK</setSpec><setSpec>uge_dbu_RapidILL_BOOK</setSpec><setSpec>uge_cmu_RapidILL_BOOK</setSpec><setSpec>uge_mail_RapidILL_BOOK</setSpec><setSpec>UNIGE_ALL</setSpec><setSpec>uge_abbat_RapidILL_BOOK</setSpec><setSpec>uge_aobs_RapidILL_BOOK</setSpec><setSpec>uge_acar_RapidILL_BOOK</setSpec></header><metadata>
<record xmlns="http://www.loc.gov/MARC21/slim" xmlns:xsi="http://www.w3.org/2001/XMLSchema-instance" xsi:schemaLocation="http://www.loc.gov/MARC21/slim http://www.loc.gov/standards/marcxml/schema/MARC21slim.xsd"><leader>01050nam a2200301 c 4500</leader><controlfield tag="001">991000013449705502</controlfield><controlfield tag="005">20230206222345.0</controlfield><controlfield tag="008">020205s1981    gw ||||| |||| 00| ||ger d</controlfield><datafield ind1=" " ind2=" " tag="020"><subfield code="a">3506121448</subfield></datafield><datafield ind1=" " ind2=" " tag="035"><subfield code="a">(swissbib)097524107-41slsp_network</subfield></datafield><datafield ind1=" " ind2=" " tag="035"><subfield code="a">097524107</subfield><subfield code="9">ExL</subfield></datafield><datafield ind1=" " ind2=" " tag="035"><subfield code="a">(RERO)R003147327-41slsp</subfield></datafield><datafield ind1=" " ind2=" " tag="035"><subfield code="a">(EXLNZ-41SLSP_NETWORK)991042696239705501</subfield></datafield><datafield ind1=" " ind2=" " tag="040"><subfield code="a">RERO geulsa</subfield><subfield code="d">CH-ZuSLS</subfield></datafield><datafield ind1=" " ind2="7" tag="072"><subfield code="a">gr</subfield><subfield code="2">rero</subfield></datafield><datafield ind1="0" ind2="0" tag="245"><subfield code="a">Ars Graeca</subfield><subfield code="b">griechische Sprachlehre</subfield><subfield code="c">neu bearb. von Rolf Mehrlein, Friedrich Richter, Wilhelm Seelbach ; unter Mitarb. Otto Leggewie</subfield></datafield><datafield ind1=" " ind2=" " tag="250"><subfield code="a">5. Aufl.</subfield></datafield><datafield ind1=" " ind2="1" tag="264"><subfield code="a">Paderborn</subfield><subfield code="b">Ferdinand Schöningh</subfield><subfield code="c">[1981]</subfield></datafield><datafield ind1=" " ind2="4" tag="264"><subfield code="c">© 1981</subfield></datafield><datafield ind1=" " ind2=" " tag="300"><subfield code="a">XII, 284 p.</subfield><subfield code="b">tabl.</subfield><subfield code="c">24 cm</subfield></datafield><datafield ind1=" " ind2=" " tag="336"><subfield code="b">txt</subfield><subfield code="2">rdacontent</subfield></datafield><datafield ind1=" " ind2=" " tag="337"><subfield code="b">n</subfield><subfield code="2">rdamedia</subfield></datafield><datafield ind1=" " ind2=" " tag="338"><subfield code="b">nc</subfield><subfield code="2">rdacarrier</subfield></datafield><datafield ind1=" " ind2="7" tag="650"><subfield code="a">Grammaire</subfield><subfield code="0">(IDREF)02863165X</subfield><subfield code="2">idref</subfield></datafield><datafield ind1=" " ind2="7" tag="650"><subfield code="a">Grec (langue)</subfield><subfield code="0">(IDREF)027228363</subfield><subfield code="2">idref</subfield></datafield><datafield ind1=" " ind2="7" tag="655"><subfield code="a">Manuels d'enseignement</subfield><subfield code="0">(IDREF)027446514</subfield><subfield code="2">idref</subfield></datafield><datafield ind1="1" ind2=" " tag="700"><subfield code="a">Mehrlein, Rolf</subfield><subfield code="0">(RERO)A008695587</subfield></datafield><datafield ind1="1" ind2=" " tag="700"><subfield code="a">Leggewie, Otto</subfield><subfield code="c">latiniste</subfield><subfield code="0">(IDREF)08513449X</subfield></datafield><datafield ind1=" " ind2=" " tag="900"><subfield code="a">REROnoselfmerge</subfield></datafield></record>
</metadata></record>