<record><header><identifier>oai:alma.41SLSP_UGE:991000013969705502</identifier><datestamp>2023-03-01T01:08:59Z</datestamp><setSpec>uge_bcen_RapidILL_BOOK</setSpec><setSpec>uge_aaca_RapidILL_BOOK</setSpec><setSpec>uge_abels_RapidILL_BOOK</setSpec><setSpec>uge_dbu_RapidILL_BOOK</setSpec><setSpec>uge_cmu_RapidILL_BOOK</setSpec><setSpec>uge_mail_RapidILL_BOOK</setSpec><setSpec>UNIGE_ALL</setSpec><setSpec>uge_abbat_RapidILL_BOOK</setSpec><setSpec>uge_aobs_RapidILL_BOOK</setSpec><setSpec>uge_acar_RapidILL_BOOK</setSpec></header><metadata>
<record xmlns="http://www.loc.gov/MARC21/slim" xmlns:xsi="http://www.w3.org/2001/XMLSchema-instance" xsi:schemaLocation="http://www.loc.gov/MARC21/slim http://www.loc.gov/standards/marcxml/schema/MARC21slim.xsd"><leader>01041nam a2200265 c 4500</leader><controlfield tag="001">991000013969705502</controlfield><controlfield tag="005">20201126051537.0</controlfield><controlfield tag="008">060703r19591927xxk||||| |||| 00| ||eng d</controlfield><datafield ind1=" " ind2=" " tag="035"><subfield code="a">(swissbib)103778993-41slsp_network</subfield></datafield><datafield ind1=" " ind2=" " tag="035"><subfield code="a">103778993</subfield><subfield code="9">ExL</subfield></datafield><datafield ind1=" " ind2=" " tag="035"><subfield code="a">(RERO)R004148971-41slsp</subfield></datafield><datafield ind1=" " ind2=" " tag="035"><subfield code="a">(EXLNZ-41SLSP_NETWORK)991062421489705501</subfield></datafield><datafield ind1=" " ind2=" " tag="040"><subfield code="a">RERO geulsa</subfield><subfield code="d">CH-ZuSLS</subfield></datafield><datafield ind1="1" ind2=" " tag="041"><subfield code="a">eng</subfield><subfield code="a">grc</subfield><subfield code="h">grc</subfield></datafield><datafield ind1=" " ind2="7" tag="072"><subfield code="a">gr</subfield><subfield code="2">rero</subfield></datafield><datafield ind1="0" ind2="0" tag="245"><subfield code="a">Lyra Graeca</subfield><subfield code="b">being the remains of all the Greek lyric poets from Eumelus to Timotheus excepting Pindar</subfield><subfield code="c">newly ed. and transl. by J.M. Edmonds.</subfield><subfield code="n">Vol. 3</subfield><subfield code="p">Corinna, Bacchylides, Timotheus, the anonymous fragments, the folk-songs and the scolia with an account of Greek lyric poetry</subfield></datafield><datafield ind1=" " ind2=" " tag="250"><subfield code="a">Rev. ed</subfield></datafield><datafield ind1=" " ind2="1" tag="264"><subfield code="a">London</subfield><subfield code="b">William Heinemann</subfield><subfield code="c">1959</subfield></datafield><datafield ind1=" " ind2=" " tag="300"><subfield code="a">719 p.</subfield></datafield><datafield ind1=" " ind2=" " tag="336"><subfield code="b">txt</subfield><subfield code="2">rdacontent</subfield></datafield><datafield ind1=" " ind2=" " tag="337"><subfield code="b">n</subfield><subfield code="2">rdamedia</subfield></datafield><datafield ind1=" " ind2=" " tag="338"><subfield code="b">nc</subfield><subfield code="2">rdacarrier</subfield></datafield><datafield ind1="1" ind2=" " tag="490"><subfield code="a">The Loeb classical library</subfield><subfield code="v">144</subfield></datafield><datafield ind1=" " ind2=" " tag="830"><subfield code="a">Lyra Graeca</subfield><subfield code="v">3</subfield><subfield code="w">(RERO)1490254-41slsp</subfield></datafield><datafield ind1=" " ind2=" " tag="830"><subfield code="a">&lt;&lt;The&gt;&gt; Loeb classical library</subfield><subfield code="v">144</subfield><subfield code="w">(RERO)0080366-41slsp</subfield></datafield><datafield ind1=" " ind2=" " tag="900"><subfield code="a">REROnoselfmerge</subfield></datafield></record>
</metadata></record>