<record><header><identifier>oai:alma.41SLSP_UGE:991000014279705502</identifier><datestamp>2023-06-20T00:27:12Z</datestamp><setSpec>uge_bcen_RapidILL_BOOK</setSpec><setSpec>uge_aaca_RapidILL_BOOK</setSpec><setSpec>uge_abels_RapidILL_BOOK</setSpec><setSpec>uge_dbu_RapidILL_BOOK</setSpec><setSpec>uge_cmu_RapidILL_BOOK</setSpec><setSpec>uge_mail_RapidILL_BOOK</setSpec><setSpec>uge_abbat_RapidILL_BOOK</setSpec><setSpec>UNIGE_ALL</setSpec><setSpec>uge_aobs_RapidILL_BOOK</setSpec><setSpec>uge_acar_RapidILL_BOOK</setSpec></header><metadata>
<record xmlns="http://www.loc.gov/MARC21/slim" xmlns:xsi="http://www.w3.org/2001/XMLSchema-instance" xsi:schemaLocation="http://www.loc.gov/MARC21/slim http://www.loc.gov/standards/marcxml/schema/MARC21slim.xsd"><leader>03288nam a2200781 c 4500</leader><controlfield tag="001">991000014279705502</controlfield><controlfield tag="005">20230619193800.0</controlfield><controlfield tag="008">201011s2019    xxu      b||| 001 0 eng|c</controlfield><datafield ind1=" " ind2=" " tag="010"><subfield code="a">2019009767</subfield></datafield><datafield ind1=" " ind2=" " tag="020"><subfield code="a">1580469531</subfield><subfield code="q">hardcover</subfield><subfield code="q">alkaline paper</subfield></datafield><datafield ind1=" " ind2=" " tag="020"><subfield code="a">9781580469531</subfield><subfield code="q">hardcover</subfield><subfield code="c">GBP 80.00</subfield><subfield code="q">alkaline paper</subfield></datafield><datafield ind1=" " ind2=" " tag="035"><subfield code="a">(swissbib)230443974-41slsp_network</subfield></datafield><datafield ind1=" " ind2=" " tag="035"><subfield code="a">230443974</subfield><subfield code="9">ExL</subfield></datafield><datafield ind1=" " ind2=" " tag="035"><subfield code="a">(IDSBB)007093715DSV01</subfield></datafield><datafield ind1=" " ind2=" " tag="035"><subfield code="a">(IDSLU)001362098ILU01</subfield></datafield><datafield ind1=" " ind2=" " tag="035"><subfield code="a">(RERO)R008922870-41slsp</subfield></datafield><datafield ind1=" " ind2=" " tag="035"><subfield code="a">(NEBIS)011398330EBI01</subfield></datafield><datafield ind1=" " ind2=" " tag="035"><subfield code="a">(OCoLC)1061311931</subfield></datafield><datafield ind1=" " ind2=" " tag="035"><subfield code="a">(EXLNZ-41SLSP_NETWORK)991135020029705501</subfield></datafield><datafield ind1=" " ind2=" " tag="040"><subfield code="a">LBSOR/DLC</subfield><subfield code="b">ger</subfield><subfield code="e">rda</subfield><subfield code="d">CH-ZuSLS</subfield></datafield><datafield ind1=" " ind2=" " tag="042"><subfield code="a">pcc</subfield></datafield><datafield ind1=" " ind2=" " tag="043"><subfield code="a">e-fr---</subfield><subfield code="a">e-gx---</subfield></datafield><datafield ind1="0" ind2="0" tag="050"><subfield code="a">DC650.3</subfield><subfield code="b">.L39 2019</subfield></datafield><datafield ind1=" " ind2="7" tag="072"><subfield code="a">630</subfield><subfield code="2">IDS LU</subfield></datafield><datafield ind1=" " ind2="7" tag="072"><subfield code="a">ht</subfield><subfield code="2">rero</subfield></datafield><datafield ind1=" " ind2="7" tag="072"><subfield code="a">sp</subfield><subfield code="2">rero</subfield></datafield><datafield ind1="0" ind2="0" tag="082"><subfield code="a">944/.3903</subfield><subfield code="2">23</subfield></datafield><datafield ind1="1" ind2="4" tag="082"><subfield code="a">940</subfield><subfield code="2">15</subfield></datafield><datafield ind1=" " ind2=" " tag="084"><subfield code="a">NN 7300</subfield><subfield code="2">rvk</subfield></datafield><datafield ind1="1" ind2=" " tag="100"><subfield code="a">Lazer, Stephen</subfield><subfield code="d">1983-</subfield><subfield code="0">(DE-588)1189359081</subfield><subfield code="4">aut</subfield></datafield><datafield ind1="1" ind2="0" tag="245"><subfield code="a">State formation in early modern Alsace, 1648-1789</subfield><subfield code="c">Stephen A. Lazer</subfield></datafield><datafield ind1=" " ind2="1" tag="264"><subfield code="a">Rochester, NY</subfield><subfield code="b">University of Rochester Press</subfield><subfield code="c">[2019]</subfield></datafield><datafield ind1=" " ind2="4" tag="264"><subfield code="c">© 2019</subfield></datafield><datafield ind1=" " ind2=" " tag="300"><subfield code="a">xi, 256 Seiten</subfield><subfield code="b">2 Karten, 1 Illustration</subfield></datafield><datafield ind1=" " ind2=" " tag="336"><subfield code="b">txt</subfield><subfield code="2">rdacontent</subfield></datafield><datafield ind1=" " ind2=" " tag="337"><subfield code="b">n</subfield><subfield code="2">rdamedia</subfield></datafield><datafield ind1=" " ind2=" " tag="338"><subfield code="b">nc</subfield><subfield code="2">rdacarrier</subfield></datafield><datafield ind1="1" ind2=" " tag="490"><subfield code="a">Changing perspectives on early modern Europe</subfield></datafield><datafield ind1=" " ind2=" " tag="504"><subfield code="a">Includes bibliographical references and index</subfield></datafield><datafield ind1=" " ind2=" " tag="504"><subfield code="a">Bibliography: pages 223-246</subfield></datafield><datafield ind1=" " ind2=" " tag="520"><subfield code="a">&quot;A documented study of early modern state formation, sovereignty, legitimacy, and comparative political culture in Alsace between the Peace of Westphalia and the French Revolution&quot;--</subfield><subfield code="c">Provided by publisher</subfield></datafield><datafield ind1="0" ind2="0" tag="600"><subfield code="a">Johann Casimir</subfield><subfield code="c">Count Palatine of Pfalz-Zweibrücken</subfield><subfield code="d">1589-1652</subfield></datafield><datafield ind1=" " ind2="7" tag="648"><subfield code="a">Geschichte 1648-1789</subfield><subfield code="2">gnd</subfield></datafield><datafield ind1=" " ind2="7" tag="650"><subfield code="a">État</subfield><subfield code="0">(IDREF)027297942</subfield><subfield code="2">idref</subfield></datafield><datafield ind1=" " ind2="7" tag="650"><subfield code="a">Souveraineté</subfield><subfield code="0">(IDREF)05061584X</subfield><subfield code="2">idref</subfield></datafield><datafield ind1=" " ind2="7" tag="650"><subfield code="a">Institutions politiques</subfield><subfield code="0">(IDREF)027994775</subfield><subfield code="2">idref</subfield></datafield><datafield ind1=" " ind2="7" tag="650"><subfield code="a">17e siècle (milieu)-18e siècle</subfield><subfield code="0">(RERO)A023782956</subfield><subfield code="2">rero</subfield></datafield><datafield ind1=" " ind2="0" tag="650"><subfield code="a">Borderlands</subfield><subfield code="z">France</subfield><subfield code="x">History</subfield></datafield><datafield ind1=" " ind2="0" tag="650"><subfield code="a">State, The</subfield></datafield><datafield ind1=" " ind2="0" tag="650"><subfield code="a">State, The</subfield><subfield code="x">History</subfield></datafield><datafield ind1=" " ind2="7" tag="650"><subfield code="a">Politik</subfield><subfield code="0">(DE-588)4046514-7</subfield><subfield code="2">gnd</subfield></datafield><datafield ind1=" " ind2="7" tag="650"><subfield code="a">Verwaltung</subfield><subfield code="0">(DE-588)4063317-2</subfield><subfield code="2">gnd</subfield></datafield><datafield ind1=" " ind2="7" tag="651"><subfield code="a">Alsace (France)</subfield><subfield code="0">(IDREF)02788743X</subfield><subfield code="2">idref</subfield></datafield><datafield ind1=" " ind2="7" tag="651"><subfield code="a">France</subfield><subfield code="0">(IDREF)027226794</subfield><subfield code="2">idref</subfield></datafield><datafield ind1=" " ind2="0" tag="651"><subfield code="a">Alsace (France)</subfield><subfield code="x">Politics and government</subfield></datafield><datafield ind1=" " ind2="0" tag="651"><subfield code="a">Alsace (France)</subfield><subfield code="x">History</subfield></datafield><datafield ind1=" " ind2="0" tag="651"><subfield code="a">Pfalz-Zweibrücken</subfield><subfield code="x">Politics and government</subfield></datafield><datafield ind1=" " ind2="0" tag="651"><subfield code="a">Pfalz-Zweibrücken</subfield><subfield code="x">Relations</subfield><subfield code="z">France</subfield></datafield><datafield ind1=" " ind2="0" tag="651"><subfield code="a">France</subfield><subfield code="x">Relations</subfield><subfield code="z">Pfalz-Zweibrücken</subfield><subfield code="z">Germany</subfield></datafield><datafield ind1=" " ind2="0" tag="651"><subfield code="a">Holy Roman Empire</subfield><subfield code="x">Politics and government</subfield></datafield><datafield ind1=" " ind2="0" tag="651"><subfield code="a">France</subfield><subfield code="x">Politics and government</subfield><subfield code="y">1643-1715</subfield></datafield><datafield ind1=" " ind2="7" tag="651"><subfield code="a">Elsass</subfield><subfield code="0">(DE-588)4014500-1</subfield><subfield code="2">gnd</subfield></datafield><datafield ind1="1" ind2=" " tag="700"><subfield code="a">Lazer, Stephen A.</subfield><subfield code="d">1983-</subfield><subfield code="0">(IDREF)179422421</subfield><subfield code="4">aut</subfield></datafield><datafield ind1="1" ind2=" " tag="700"><subfield code="a">Lazer, Stephen A.</subfield><subfield code="4">aut</subfield></datafield><datafield ind1="4" ind2=" " tag="856"><subfield code="3">Titelblatt und Inhaltsverzeichnis</subfield><subfield code="u">https://toc.library.ethz.ch/objects/pdf03/z01_978-1-58046-953-1_01.pdf</subfield><subfield code="q">pdf</subfield></datafield><datafield ind1=" " ind2="0" tag="830"><subfield code="a">Changing perspectives on early modern Europe</subfield><subfield code="w">(RERO)R004926037-41slsp</subfield></datafield><datafield ind1=" " ind2=" " tag="900"><subfield code="a">Stoppsignal FRED</subfield></datafield><datafield ind1=" " ind2=" " tag="900"><subfield code="a">IDSZ2zbzmon201906f</subfield><subfield code="c">IDSZ2parz</subfield><subfield code="d">IDSZ2zbzswk201907g</subfield><subfield code="e">IDSZ2brue</subfield></datafield><datafield ind1=" " ind2=" " tag="949"><subfield code="a">https://toc.library.ethz.ch/objects/pdf03/z01_978-1-58046-953-1_01.pdf</subfield></datafield></record>
</metadata></record>