<record><header><identifier>oai:alma.41SLSP_UGE:991000014299705502</identifier><datestamp>2024-04-11T00:19:17Z</datestamp><setSpec>uge_bcen_RapidILL_BOOK</setSpec><setSpec>uge_aaca_RapidILL_BOOK</setSpec><setSpec>uge_abels_RapidILL_BOOK</setSpec><setSpec>uge_dbu_RapidILL_BOOK</setSpec><setSpec>uge_cmu_RapidILL_BOOK</setSpec><setSpec>uge_mail_RapidILL_BOOK</setSpec><setSpec>uge_abbat_RapidILL_BOOK</setSpec><setSpec>UNIGE_ALL</setSpec><setSpec>uge_acar_RapidILL_BOOK</setSpec><setSpec>uge_aobs_RapidILL_BOOK</setSpec></header><metadata>
<record xmlns="http://www.loc.gov/MARC21/slim" xmlns:xsi="http://www.w3.org/2001/XMLSchema-instance" xsi:schemaLocation="http://www.loc.gov/MARC21/slim http://www.loc.gov/standards/marcxml/schema/MARC21slim.xsd"><leader>11090nam a2201021 c 4500</leader><controlfield tag="001">991000014299705502</controlfield><controlfield tag="005">20240410140925.0</controlfield><controlfield tag="008">201011s2018    sz ||||| |||| 00| ||ger| </controlfield><datafield ind1=" " ind2=" " tag="015"><subfield code="a">18,N21</subfield><subfield code="2">dnb</subfield></datafield><datafield ind1="7" ind2=" " tag="016"><subfield code="a">1159521735</subfield><subfield code="2">DE-101</subfield></datafield><datafield ind1=" " ind2=" " tag="020"><subfield code="z">9783035413960</subfield><subfield code="q">Judocu</subfield></datafield><datafield ind1=" " ind2=" " tag="020"><subfield code="a">3727289880</subfield></datafield><datafield ind1=" " ind2=" " tag="020"><subfield code="a">9783727289880</subfield><subfield code="q">Print</subfield><subfield code="c">EUR 113.00 (DE), EUR 116.20 (AT), CHF 99.00 (freier Preis)</subfield></datafield><datafield ind1="3" ind2=" " tag="024"><subfield code="a">9783727289880</subfield></datafield><datafield ind1=" " ind2=" " tag="035"><subfield code="a">(swissbib)220731616-41slsp_network</subfield></datafield><datafield ind1=" " ind2=" " tag="035"><subfield code="a">220731616</subfield><subfield code="9">ExL</subfield></datafield><datafield ind1=" " ind2=" " tag="035"><subfield code="a">(IDSBB)006800496DSV01</subfield></datafield><datafield ind1=" " ind2=" " tag="035"><subfield code="a">(NEBIS)011199602EBI01</subfield></datafield><datafield ind1=" " ind2=" " tag="035"><subfield code="a">(RERO)R008793785-41slsp</subfield></datafield><datafield ind1=" " ind2=" " tag="035"><subfield code="a">(IDSLU)001318917ILU01</subfield></datafield><datafield ind1=" " ind2=" " tag="035"><subfield code="a">(IDSSG)000991020HSB01</subfield></datafield><datafield ind1=" " ind2=" " tag="035"><subfield code="a">(DE-599)DNB1159521735</subfield></datafield><datafield ind1=" " ind2=" " tag="035"><subfield code="a">(ABN)000839532ABN01</subfield></datafield><datafield ind1=" " ind2=" " tag="035"><subfield code="a">(ALEX)bv9925944799901791</subfield></datafield><datafield ind1=" " ind2=" " tag="035"><subfield code="a">(EXLNZ-41SLSP_NETWORK)991015338009705501</subfield></datafield><datafield ind1=" " ind2=" " tag="040"><subfield code="a">GWDNB</subfield><subfield code="b">ger</subfield><subfield code="e">rda</subfield><subfield code="d">CH-ZuSLS</subfield></datafield><datafield ind1="0" ind2=" " tag="041"><subfield code="a">ger</subfield></datafield><datafield ind1=" " ind2=" " tag="044"><subfield code="a">sz</subfield><subfield code="c">ch-be</subfield></datafield><datafield ind1=" " ind2="7" tag="072"><subfield code="a">dr</subfield><subfield code="2">rero</subfield></datafield><datafield ind1=" " ind2="7" tag="072"><subfield code="a">807</subfield><subfield code="2">IDS LU</subfield></datafield><datafield ind1=" " ind2="7" tag="072"><subfield code="a">822</subfield><subfield code="2">IDS LU</subfield></datafield><datafield ind1=" " ind2="7" tag="072"><subfield code="a">841</subfield><subfield code="2">IDS LU</subfield></datafield><datafield ind1="0" ind2="4" tag="082"><subfield code="a">343.4940932</subfield><subfield code="2">23</subfield></datafield><datafield ind1="0" ind2="4" tag="082"><subfield code="a">346.494024</subfield><subfield code="2">23</subfield></datafield><datafield ind1="1" ind2="4" tag="082"><subfield code="a">340</subfield><subfield code="2">23sdnb</subfield><subfield code="8">1\p</subfield></datafield><datafield ind1=" " ind2=" " tag="084"><subfield code="a">CA/CH 51.1 h</subfield><subfield code="2">cjurrom</subfield></datafield><datafield ind1=" " ind2=" " tag="084"><subfield code="a">CA/CH 73.5 h</subfield><subfield code="2">cjurrom</subfield></datafield><datafield ind1="1" ind2=" " tag="100"><subfield code="a">Furrer, Barbara</subfield><subfield code="6">880-01</subfield><subfield code="0">(DE-588)1163114308</subfield><subfield code="4">aut</subfield></datafield><datafield ind1="1" ind2=" " tag="880"><subfield code="6">100-01</subfield><subfield code="a">Furrer, Barbara</subfield><subfield code="c">juriste</subfield><subfield code="0">(RERO)A026436147</subfield><subfield code="4">cre</subfield></datafield><datafield ind1="1" ind2="0" tag="245"><subfield code="a">&lt;&lt;Der&gt;&gt; Logistikvertrag im schweizerischen Recht</subfield><subfield code="b">eine systematische Untersuchung von Verträgen über komplexe Leistungsbündel aus dem Logistikbereich</subfield><subfield code="c">Dr. Barbara Furrer</subfield></datafield><datafield ind1=" " ind2="1" tag="264"><subfield code="a">Bern</subfield><subfield code="b">Stämpfli Verlag</subfield><subfield code="c">[2018]</subfield></datafield><datafield ind1=" " ind2=" " tag="300"><subfield code="a">XLI, 248 Seiten</subfield><subfield code="c">22.8 cm x 15.4 cm, 487 g</subfield></datafield><datafield ind1=" " ind2=" " tag="336"><subfield code="b">txt</subfield><subfield code="2">rdacontent</subfield></datafield><datafield ind1=" " ind2=" " tag="337"><subfield code="b">n</subfield><subfield code="2">rdamedia</subfield></datafield><datafield ind1=" " ind2=" " tag="338"><subfield code="b">nc</subfield><subfield code="2">rdacarrier</subfield></datafield><datafield ind1="1" ind2=" " tag="490"><subfield code="a">Schriftenreihe zum Logistik- und Transportrecht</subfield><subfield code="v">7</subfield></datafield><datafield ind1=" " ind2=" " tag="500"><subfield code="a">Stichwortverz.</subfield></datafield><datafield ind1=" " ind2=" " tag="500"><subfield code="a">Buchhandelsausg. der Diss. jur. Luzern, 2017</subfield></datafield><datafield ind1=" " ind2=" " tag="502"><subfield code="b">Dissertation</subfield><subfield code="c">Universität Luzern</subfield><subfield code="d">2017</subfield></datafield><datafield ind1=" " ind2=" " tag="504"><subfield code="a">Literaturverz.</subfield></datafield><datafield ind1=" " ind2="7" tag="650"><subfield code="a">Verbundangebot</subfield><subfield code="0">(DE-588)4416850-0</subfield><subfield code="2">gnd</subfield></datafield><datafield ind1=" " ind2="7" tag="650"><subfield code="a">Kontraktlogistik</subfield><subfield code="0">(DE-588)7679167-1</subfield><subfield code="2">gnd</subfield></datafield><datafield ind1=" " ind2="7" tag="650"><subfield code="a">Logistikunternehmen</subfield><subfield code="0">(DE-588)4308413-8</subfield><subfield code="2">gnd</subfield></datafield><datafield ind1=" " ind2="7" tag="650"><subfield code="a">Transportvertrag</subfield><subfield code="9">ger</subfield><subfield code="0">(RERO)jurivoc000022644ger</subfield><subfield code="2">jurivoc</subfield></datafield><datafield ind1=" " ind2="7" tag="650"><subfield code="a">Güterbeförderung</subfield><subfield code="9">ger</subfield><subfield code="0">(RERO)jurivoc000010570ger</subfield><subfield code="2">jurivoc</subfield></datafield><datafield ind1=" " ind2="7" tag="650"><subfield code="a">Lagergeschäft</subfield><subfield code="9">ger</subfield><subfield code="0">(RERO)jurivoc000013846ger</subfield><subfield code="2">jurivoc</subfield></datafield><datafield ind1=" " ind2="7" tag="650"><subfield code="a">Gemischter Vertrag</subfield><subfield code="9">ger</subfield><subfield code="0">(RERO)jurivoc000009483ger</subfield><subfield code="2">jurivoc</subfield></datafield><datafield ind1=" " ind2="7" tag="650"><subfield code="a">Obligations (droit)</subfield><subfield code="0">(IDREF)027265846</subfield><subfield code="2">idref</subfield></datafield><datafield ind1=" " ind2="7" tag="650"><subfield code="a">Contrats</subfield><subfield code="0">(IDREF)027466388</subfield><subfield code="2">idref</subfield></datafield><datafield ind1=" " ind2="7" tag="650"><subfield code="a">Transport</subfield><subfield code="0">(IDREF)027296695</subfield><subfield code="2">idref</subfield></datafield><datafield ind1=" " ind2="7" tag="650"><subfield code="a">Logistique (gestion)</subfield><subfield code="0">(IDREF)027803287</subfield><subfield code="2">idref</subfield></datafield><datafield ind1=" " ind2="7" tag="650"><subfield code="a">Transports routiers</subfield><subfield code="0">(IDREF)027265285</subfield><subfield code="2">idref</subfield></datafield><datafield ind1=" " ind2="7" tag="650"><subfield code="a">Logistik</subfield><subfield code="0">(DE-588)4036210-3</subfield><subfield code="2">gnd</subfield></datafield><datafield ind1=" " ind2="7" tag="650"><subfield code="a">Lager</subfield><subfield code="0">(DE-588)4125574-4</subfield><subfield code="2">gnd</subfield></datafield><datafield ind1=" " ind2="7" tag="650"><subfield code="a">Gemischter Vertrag</subfield><subfield code="0">(DE-588)4134709-2</subfield><subfield code="2">gnd</subfield></datafield><datafield ind1=" " ind2="7" tag="650"><subfield code="a">Vertragsrecht</subfield><subfield code="0">(DE-588)4063283-0</subfield><subfield code="2">gnd</subfield></datafield><datafield ind1=" " ind2="7" tag="650"><subfield code="a">Transport</subfield><subfield code="0">(DE-588)4060680-6</subfield><subfield code="2">gnd</subfield></datafield><datafield ind1=" " ind2="7" tag="650"><subfield code="a">Frachtvertrag</subfield><subfield code="0">(DE-588)4155121-7</subfield><subfield code="2">gnd</subfield></datafield><datafield ind1=" " ind2="7" tag="651"><subfield code="a">Schweiz</subfield><subfield code="9">ger</subfield><subfield code="0">(RERO)jurivoc000019912ger</subfield><subfield code="2">jurivoc</subfield></datafield><datafield ind1=" " ind2="7" tag="651"><subfield code="a">Suisse</subfield><subfield code="0">(IDREF)027249654</subfield><subfield code="2">idref</subfield></datafield><datafield ind1=" " ind2="7" tag="651"><subfield code="a">Schweiz</subfield><subfield code="0">(DE-588)4053881-3</subfield><subfield code="2">gnd</subfield></datafield><datafield ind1=" " ind2="7" tag="655"><subfield code="a">Thèses et écrits académiques</subfield><subfield code="0">(IDREF)027253139</subfield><subfield code="2">idref</subfield></datafield><datafield ind1=" " ind2="7" tag="655"><subfield code="a">Hochschulschrift</subfield><subfield code="2">gnd-content</subfield></datafield><datafield ind1=" " ind2=" " tag="690"><subfield code="a">Frachtvertrag; Service; Call Center; Abgrenzung; Verkehrsleistung; Transportrecht; Gesetz; Rangordnung; Rechtsprechung; Schuldrecht</subfield><subfield code="2">idssg-J</subfield></datafield><datafield ind1=" " ind2=" " tag="690"><subfield code="a">Lagerleistung; Beforderungsvertrag; Haftungsordnung; Hinterlegungsvertrag; Praxisbeispiel; Logistikleistung; Lagervertrag; Netzwerkvertrag; Beförderungsvertrag; Speditionsvertrag; Spezialgesetz; Gesamtleistung; Vertragsverhandlung; Rechtsanwendung; Architektenvertrag; Ausschreibungsverfahren; Konsignationsvertrag; Konsumentenvertrag; Rahmenvertrag; Schadenersatzanspruch; Typenrecht; Vergütungsanspruch; Lagerabwicklung; Lagerbewirtschaftung; Mehrwertleistung; Nachnahmesendung; Qualitätskontrollleistung; Schadenersatzforderung; Softwareinstallation; Umschlagsleistung; Umzugsleistung; Warenkontrolle; Warenüberwachung; Zwischenfazit; Teilmontage; Inhaltsübersicht; Rheinschifffahrt; Bestandsführung; Binnenschifffahrtstransport; Callcenterservice; Geschäftsbeziehung; Kontraktlogistik; Lagerplatzverwaltung; Literaturverzeichnis; Logistikbranche; Logistiklösung; Materialienverzeichnis; Mengenkontrolle; Reparaturservice; Vertragsanbahnung; Vertragsgestaltung; Zolldienstleistung; Beendigungsfrage; Fashionservice; Frachtdokument; Hardwarekonfiguration; Hauptvertragsdokument; Heimwerkerprodukt; Kühllager; Logistikbereich; Logistikvertragskonzept; Musterziehen; Sorgfaltspflichtverletzung; Zurufgeschäft; Aufbewahrungsrückgabepflicht; Ausfuhrende; Ausgangslage; Dauerschuldcharakter; Erscheinungsform; Fragestellung; Gestaltungsform; Getreidehandelfall; Gewerbsmässigkeit; Haftungssituation; Handelsabsatz; Hauptleistungscharakter; Hauptleistungspflicht; Kompetenzstelle; Komponentenfall; Ladehilfsmittel; Lagerraum; Lagerschein; Leistungsbestandteil; Leistungsbündel; Logistikbegriff; Logistikdienstleister; Logistikmarkt; Logistiktätigkeit; Montagearbeit; Nebenleistungspflicht; Privatautonomie; Rechtsfolge; Regelungsfeld; Schriftenreihe; Seefracht; Sonderform; Themenfeld; Tintenpatronenfall; Transportleistungspflicht; Umschlagstätigkeit; Vergütungsmodell; Versicherungsabschluss; Vertragsb</subfield><subfield code="2">idssg-J</subfield></datafield><datafield ind1=" " ind2=" " tag="690"><subfield code="a">estandteil; Vertragsebene; Vertragskategorie; Vertragspartei; Vertragsqualifikation; Vertrauensverhältnis; Zusatzleistungspflicht</subfield><subfield code="2">idssg-J</subfield></datafield><datafield ind1=" " ind2=" " tag="690"><subfield code="a">allgemeine Spediteurbedingung; anlagebasierte Logistikleistung; besondere Anforderung; besonderes Merkmal; fester Bestandteil; geplanter Stillstand; lagerbezogene Zusatzleistung; planende Logistiktätigkeit; transportbezogene Zusatzleistung; aktuelle Verwendung; allgemeine Entwicklung; allgemeines Kennzeichnen; arbeitshypothetische Definition; atypisch Nominatverträgen; betriebswirtschaftliche Begriffsdefinition; bewegliches Gut; deutsche Spediteurbedingung; differenziertes Vergütungsmodell; dispositive Haftungsregel; dogmatische Ausgangslage; ebener Anhang; ebenes Hauptvertragsdokument; einfaches Verhältnis; einzelne Rechtsfolge; einzelne Rechtsfrage; empfohlenes Regelungsfeld; entsprechende Rechtsanwendung; erweiterte Lagerleistung; erweiterte Transportleistung; flexibler Bestandteil; fließender Übergang; gegenläufiges Interesse; gemachte Schadenersatzforderung; gemachte Sorgfaltspflichtverletzung; gemischter Vertrag; geringfügiger Transport; grenzüberschreitende Binnenschifffahrt; grenzüberschreitende Logistikleistung; grenzüberschreitende Luftfracht; grenzüberschreitender Schienentransport; grenzüberschreitende Seefracht; grenzüberschreitender Straßentransport; hohe Gewalt; individuelle Aufnahme; individuelle Verschuldensstufe; innerschweizerischer Binnenschifffahrtstransport; innerschweizerische Luftfracht; innerschweizerischer Schienentransport; innerschweizerischer Straßentransport; integrierte Logistiklösung; internationaler Aspekt; juristische Person; kombiniertes Lager; kombinierte Transportleistung; komplexes Leistungsbündel; koordinierende Logistiktätigkeit; lagerbezogene Zusatzleistung; lagerfremd Zusatzleistiingspflicht; lagerfremde Zusatzleistung; langfristiger Dauerschuldcharakter; langfristige Zusammenarbeit; nachfolgender Transport; nationales Spezialgesetz; nichtanlagebasierter Logistikdienstleister; nichtanlagebasierte Logistikleistung; partnerschaf</subfield><subfield code="2">idssg-J</subfield></datafield><datafield ind1=" " ind2=" " tag="690"><subfield code="a">tliche Geschäftsbeziehung; physische Einlagerung; produktionsbezogene Warenkontrolle; rechtliche Einordnung; reine Lagerbewirtschaftung; reine Umschlagstätigkeit; reine Warenüberwachung; schweizer Logistikmarkt; schweizerische Rechtsprechung; seetüchtige Verpackung; selbstständiger Netzwerkvertrag; selbstständige Qualitätskontrollleistung; selbstständiger Vertrag; sichere Aufbewahrung; sichere Rückgabepflicht; sogenannt Assetbased; sogenannt Nonassetbased; spezialgesetzliche Regelung; stationäre Logistikleistung; strikter Grobfahrlässigkeitskatalog; summenmäßige Haftungsbeschränkung; systematische Untersuchung; technische Anforderung; technisches Merkmal; transportbezogene Warenkontrolle; transportbezogene Zusatzleistung; transportfremde Zusatzleistung; transportfremde Zusatzleistungspflicht; tätige Vertragspartei; umfassender Logistikvertrag; unabhängiger Vertrag; ungeplanter Stillstand; verbreitet Allgemeine Geschäftsbedingungen; verschiedener Vertragsbestandteil; verschiedene Vertragsebene; verschiedene Vertragskategorie; vertragliche Steuerung; vorliegende Arbeit; vorvertragliches Vertrauensverhältnis; weiteres Logistikvertragskonzept; weitere Pflicht; weiteres Vorgehen; weiße Ware; wesentliches Merkmal; zwingende Norm; öffentliche Anerbietung; öffentliche Gewerbsmäßigkeit</subfield><subfield code="2">idssg-J</subfield></datafield><datafield ind1=" " ind2=" " tag="690"><subfield code="a">Schweiz C4EXSI; Deutschland C4EUGE</subfield><subfield code="2">idssg-J</subfield></datafield><datafield ind1=" " ind2=" " tag="690"><subfield code="a">allgemein Deutschen Spediteurbedingungen ADSp; Andrea Furrer; Beipackzettel Gebrauchsanweisungen Zubehör; betriebswirtschaftlich Begriffsdefinition Logistik; Dr. Barbara Furrer; Einlagerung Umlagerung Auslagerung; grenzüberschreitend Binnenschifffahrt Beforderungsvertrag; grenzüberschreitend Luftfracht Beförderungsvertrag; grenzüberschreitend Seefracht Beforderungsvertrag; grenzüberschreitend Schienentransport Beforderungsvertrag; grenzüberschreitend Strassentransport Beforderungsvertrag; Haftungs Verjährungs; innerschweizerisch Binnenschifffahrtstransporte Beforderungsverträge; innerschweizerisch Luftfracht Beforderungsvertrag; innerschweizerisch Schienentransport Beforderungsvertrag; Juana Vasella; Kapitel Einzelne Rechtsfolgen; Kapitel Empfohlene Regelungsfelder; Kapitel Internationale Aspekte; Kapitel Themenfeld Fragestellung; Kapitel Wirtschaftliche Entwicklung; Kommissionieren Zusammenstellen Bündeln Palettieren; Konfigurieren Hardwarekonfiguration Softwareinstallation; Lagerabwicklung Identifikation Zuordnen; Lagerschein Inventur Bestandsführung Lagerplatzverwaltung; Logistics Control Tower; Logistics Control TowerVerträgen; Supply Chain; Teil Umfassende Logistikverträge; Teil Weitere Logistikvertragskonzepte; Third Party Logistics; Zolldienstleistung Beratung Deklarierung Anmeldung</subfield><subfield code="2">idssg-J</subfield></datafield><datafield ind1=" " ind2=" " tag="691"><subfield code="e">PC 73.5 CH</subfield><subfield code="2">rzs-L1</subfield></datafield><datafield ind1=" " ind2="0" tag="830"><subfield code="a">Schriftenreihe zum Logistik- und Transportrecht</subfield><subfield code="v">7</subfield><subfield code="w">(IDSBB)006619927DSV01</subfield></datafield><datafield ind1="4" ind2=" " tag="856"><subfield code="3">Titelblatt und Inhaltsverzeichnis</subfield><subfield code="u">https://toc.library.ethz.ch/objects/pdf03/z16_978-3-7272-8988-0_01.pdf</subfield><subfield code="q">pdf</subfield></datafield><datafield ind1=" " ind2="0" tag="830"><subfield code="a">Schriftenreihe zum Logistik- und Transportrecht</subfield><subfield code="v">7</subfield><subfield code="w">(ALEX)bv9925944501401791</subfield></datafield><datafield ind1=" " ind2=" " tag="900"><subfield code="a">Stoppsignal FRED</subfield></datafield><datafield ind1=" " ind2=" " tag="900"><subfield code="a">IDSZ2zbzmon201810l</subfield><subfield code="c">IDSZ2rein</subfield><subfield code="d">IDSZ2zbzswk201810g</subfield><subfield code="e">IDSZ2bruu</subfield></datafield><datafield ind1=" " ind2=" " tag="900"><subfield code="a">IDSE5E51ANH-2018</subfield></datafield><datafield ind1=" " ind2=" " tag="900"><subfield code="a">IDSZ2rwidis201806e</subfield><subfield code="c">IDSZ2biss 180622</subfield><subfield code="d">IDSZ2rwiswk201809g</subfield><subfield code="e">IDSZ2meim</subfield><subfield code="x">b</subfield></datafield><datafield ind1=" " ind2=" " tag="949"><subfield code="a">https://toc.library.ethz.ch/objects/pdf03/z16_978-3-7272-8988-0_01.pdf</subfield></datafield></record>
</metadata></record>