<record><header><identifier>oai:alma.41SLSP_UGE:991000014189705502</identifier><datestamp>2023-04-07T00:22:22Z</datestamp><setSpec>uge_bcen_RapidILL_BOOK</setSpec><setSpec>uge_aaca_RapidILL_BOOK</setSpec><setSpec>uge_abels_RapidILL_BOOK</setSpec><setSpec>uge_dbu_RapidILL_BOOK</setSpec><setSpec>uge_cmu_RapidILL_BOOK</setSpec><setSpec>uge_mail_RapidILL_BOOK</setSpec><setSpec>uge_abbat_RapidILL_BOOK</setSpec><setSpec>UNIGE_ALL</setSpec><setSpec>uge_acar_RapidILL_BOOK</setSpec><setSpec>uge_aobs_RapidILL_BOOK</setSpec></header><metadata>
<record xmlns="http://www.loc.gov/MARC21/slim" xmlns:xsi="http://www.w3.org/2001/XMLSchema-instance" xsi:schemaLocation="http://www.loc.gov/MARC21/slim http://www.loc.gov/standards/marcxml/schema/MARC21slim.xsd"><leader>04144nam a2200721 c 4500</leader><controlfield tag="001">991000014189705502</controlfield><controlfield tag="005">20230406191116.0</controlfield><controlfield tag="008">201011s2015    xxk||||| |||| 00| ||eng d</controlfield><datafield ind1=" " ind2=" " tag="015"><subfield code="a">GBB504028</subfield><subfield code="2">bnb</subfield></datafield><datafield ind1=" " ind2=" " tag="020"><subfield code="a">0199687862</subfield><subfield code="q">hbk.</subfield></datafield><datafield ind1=" " ind2=" " tag="020"><subfield code="a">9780199687862</subfield><subfield code="q">hbk.</subfield><subfield code="c">£178.00</subfield></datafield><datafield ind1=" " ind2=" " tag="035"><subfield code="a">(swissbib)217532896-41slsp_network</subfield></datafield><datafield ind1=" " ind2=" " tag="035"><subfield code="a">217532896</subfield><subfield code="9">ExL</subfield></datafield><datafield ind1=" " ind2=" " tag="035"><subfield code="a">(RERO)R007667361-41slsp</subfield></datafield><datafield ind1=" " ind2=" " tag="035"><subfield code="a">(IDSLU)001192054ILU01</subfield></datafield><datafield ind1=" " ind2=" " tag="035"><subfield code="a">(NEBIS)010476377EBI01</subfield></datafield><datafield ind1=" " ind2=" " tag="035"><subfield code="a">(OCoLC)910905115</subfield></datafield><datafield ind1=" " ind2=" " tag="035"><subfield code="a">(EXLNZ-41SLSP_NETWORK)991157243259705501</subfield></datafield><datafield ind1=" " ind2=" " tag="040"><subfield code="a">RERO ifisdc</subfield><subfield code="d">CH-ZuSLS</subfield></datafield><datafield ind1=" " ind2="0" tag="050"><subfield code="a">K1066</subfield><subfield code="b">.I5847 2015</subfield></datafield><datafield ind1=" " ind2="7" tag="072"><subfield code="a">dr</subfield><subfield code="2">rero</subfield></datafield><datafield ind1=" " ind2="7" tag="072"><subfield code="a">814</subfield><subfield code="2">IDS LU</subfield></datafield><datafield ind1=" " ind2="7" tag="072"><subfield code="a">811</subfield><subfield code="2">IDS LU</subfield></datafield><datafield ind1="0" ind2="4" tag="082"><subfield code="a">343.03</subfield><subfield code="2">23</subfield></datafield><datafield ind1=" " ind2=" " tag="084"><subfield code="a">A 29.1 g</subfield><subfield code="2">cjurrom</subfield></datafield><datafield ind1=" " ind2=" " tag="084"><subfield code="a">D 27 g</subfield><subfield code="2">cjurrom</subfield></datafield><datafield ind1=" " ind2=" " tag="084"><subfield code="a">A 82 g</subfield><subfield code="2">cjurrom</subfield></datafield><datafield ind1="0" ind2="0" tag="245"><subfield code="a">International financial disputes</subfield><subfield code="b">arbitration and mediation</subfield><subfield code="c">edited by Jeffrey Golden, Carolyn Lamm ; foreword by the Rt. Hon. the Lord Woolf of Barnes</subfield></datafield><datafield ind1=" " ind2="1" tag="264"><subfield code="a">Oxford, United Kingdom</subfield><subfield code="b">Oxford University Press</subfield><subfield code="c">2015</subfield></datafield><datafield ind1=" " ind2="1" tag="264"><subfield code="a">Oxford</subfield><subfield code="b">Oxford University Press</subfield><subfield code="c">2015</subfield></datafield><datafield ind1=" " ind2=" " tag="300"><subfield code="a">xlvii, 530 pages</subfield><subfield code="c">25 cm</subfield></datafield><datafield ind1=" " ind2=" " tag="336"><subfield code="b">txt</subfield><subfield code="2">rdacontent</subfield></datafield><datafield ind1=" " ind2=" " tag="337"><subfield code="b">n</subfield><subfield code="2">rdamedia</subfield></datafield><datafield ind1=" " ind2=" " tag="338"><subfield code="b">nc</subfield><subfield code="2">rdacarrier</subfield></datafield><datafield ind1=" " ind2=" " tag="504"><subfield code="a">Includes bibliographical references and index</subfield></datafield><datafield ind1="0" ind2=" " tag="505"><subfield code="a">The modern role of arbitration in banking and finance / Jeffrey Golden and Peter Werner -- Arbitral institutions / Abby Cohen Smutny and Petr Polášek -- Alternative dispute resolution -- Overview of derivative financial products / Rick Grove -- Financial products as investments under bilateral investment treaties and other multilateral instruments with consents to arbitration / David W Rivkin and Mark W Friedman -- Arbitration clauses for international financial disputes / Gerard J Meijer and Richard H Hansen -- The applicable law in international financial disputes / Jan H Dalhuisen -- Theories of liability and responsibility / Carolyn B Lamm, Eckhard R Hellbeck, and David P Riesenberg</subfield></datafield><datafield ind1="0" ind2=" " tag="505"><subfield code="a">Practical issues specific to arbitrations containing financial products / Judith Gill and James Freman -- The particular role of experts in arbitrating international financial disputes / Jeffrey Golden -- Evidentiary standards in financial arbitrations / Raymond Cox QC -- Remedies : interim measures / Lawrence Collins and Siddharth Dhar -- Remedies : injunctive relief / William Blair and Hakeem Seriki -- Remedies : damages / Andrea J Menaker and Suyash G Paliwal -- Enforcement / Stephen Jagusch.</subfield></datafield><datafield ind1=" " ind2="7" tag="650"><subfield code="a">Arbitrage commercial international</subfield><subfield code="0">(IDREF)027689123</subfield><subfield code="2">idref</subfield></datafield><datafield ind1=" " ind2="7" tag="650"><subfield code="a">Finances internationales</subfield><subfield code="0">(IDREF)027467821</subfield><subfield code="2">idref</subfield></datafield><datafield ind1=" " ind2="7" tag="650"><subfield code="a">Instruments financiers</subfield><subfield code="0">(IDREF)031221467</subfield><subfield code="2">idref</subfield></datafield><datafield ind1=" " ind2="7" tag="650"><subfield code="a">Droit international privé</subfield><subfield code="0">(IDREF)02747433X</subfield><subfield code="2">idref</subfield></datafield><datafield ind1=" " ind2="7" tag="650"><subfield code="a">Investissements</subfield><subfield code="0">(IDREF)027769852</subfield><subfield code="2">idref</subfield></datafield><datafield ind1=" " ind2="0" tag="650"><subfield code="a">Financial institutions</subfield><subfield code="x">Law and legislation</subfield></datafield><datafield ind1=" " ind2="0" tag="650"><subfield code="a">International commercial arbitration</subfield></datafield><datafield ind1=" " ind2="0" tag="650"><subfield code="a">International finance</subfield><subfield code="x">Law and legislation</subfield></datafield><datafield ind1=" " ind2="7" tag="650"><subfield code="a">Schiedsrichterliches Verfahren</subfield><subfield code="0">(DE-588)4121615-5</subfield><subfield code="2">gnd</subfield></datafield><datafield ind1=" " ind2="7" tag="650"><subfield code="a">Kreditmarkt</subfield><subfield code="0">(DE-588)4073788-3</subfield><subfield code="2">gnd</subfield></datafield><datafield ind1=" " ind2="7" tag="650"><subfield code="a">Finanzrecht</subfield><subfield code="0">(DE-588)4017208-9</subfield><subfield code="2">gnd</subfield></datafield><datafield ind1=" " ind2="7" tag="650"><subfield code="a">Mediation</subfield><subfield code="0">(DE-588)4191538-0</subfield><subfield code="2">gnd</subfield></datafield><datafield ind1=" " ind2="7" tag="650"><subfield code="a">Finanzdienstleistung</subfield><subfield code="0">(DE-588)4212226-0</subfield><subfield code="2">gnd</subfield></datafield><datafield ind1=" " ind2="7" tag="650"><subfield code="a">Rechtsstreit</subfield><subfield code="0">(DE-588)4139832-4</subfield><subfield code="2">gnd</subfield></datafield><datafield ind1=" " ind2="7" tag="650"><subfield code="a">Beilegung</subfield><subfield code="0">(DE-588)4284136-7</subfield><subfield code="2">gnd</subfield></datafield><datafield ind1=" " ind2="7" tag="650"><subfield code="a">Internationaler Kreditmarkt</subfield><subfield code="0">(DE-588)4120506-6</subfield><subfield code="2">gnd</subfield></datafield><datafield ind1=" " ind2="7" tag="650"><subfield code="a">Internationale Handelsschiedsgerichtsbarkeit</subfield><subfield code="0">(DE-588)4132605-2</subfield><subfield code="2">gnd</subfield></datafield><datafield ind1=" " ind2="7" tag="655"><subfield code="a">[Études diverses]</subfield><subfield code="0">(RERO)A022249905</subfield><subfield code="2">rero</subfield></datafield><datafield ind1=" " ind2="7" tag="655"><subfield code="a">Aufsatzsammlung</subfield><subfield code="2">gnd-content</subfield></datafield><datafield ind1=" " ind2=" " tag="691"><subfield code="e">PD 28</subfield><subfield code="2">rzs-L1</subfield></datafield><datafield ind1="1" ind2=" " tag="700"><subfield code="a">Lamm, Carolyn B.</subfield><subfield code="d">1949-....</subfield><subfield code="0">(IDREF)161442056</subfield></datafield><datafield ind1="1" ind2=" " tag="700"><subfield code="a">Golden, Jeffrey</subfield><subfield code="0">(IDREF)181031213</subfield></datafield><datafield ind1="4" ind2=" " tag="856"><subfield code="3">Titelblatt und Inhaltsverzeichnis</subfield><subfield code="u">https://toc.library.ethz.ch/objects/pdf03/z01_978-0-19-968786-2_01.pdf</subfield><subfield code="q">pdf</subfield></datafield><datafield ind1=" " ind2=" " tag="900"><subfield code="a">REROnoselfmerge</subfield></datafield><datafield ind1=" " ind2=" " tag="900"><subfield code="a">IDSZ2zbzmon201508f</subfield><subfield code="c">IDSZ2gabr</subfield><subfield code="d">IDSZ2zbzswk201509b</subfield><subfield code="e">IDSZ2bruu</subfield></datafield><datafield ind1=" " ind2=" " tag="910"><subfield code="a">LOC</subfield><subfield code="b">20160512</subfield><subfield code="c">Droits réservés</subfield></datafield><datafield ind1=" " ind2=" " tag="949"><subfield code="a">https://toc.library.ethz.ch/objects/pdf03/z01_978-0-19-968786-2_01.pdf</subfield></datafield></record>
</metadata></record>