<record><header><identifier>oai:alma.41SLSP_UGE:991000013769705502</identifier><datestamp>2023-03-01T01:08:59Z</datestamp><setSpec>uge_bcen_RapidILL_BOOK</setSpec><setSpec>uge_aaca_RapidILL_BOOK</setSpec><setSpec>uge_abels_RapidILL_BOOK</setSpec><setSpec>uge_dbu_RapidILL_BOOK</setSpec><setSpec>uge_cmu_RapidILL_BOOK</setSpec><setSpec>uge_mail_RapidILL_BOOK</setSpec><setSpec>UNIGE_ALL</setSpec><setSpec>uge_abbat_RapidILL_BOOK</setSpec><setSpec>uge_aobs_RapidILL_BOOK</setSpec><setSpec>uge_acar_RapidILL_BOOK</setSpec></header><metadata>
<record xmlns="http://www.loc.gov/MARC21/slim" xmlns:xsi="http://www.w3.org/2001/XMLSchema-instance" xsi:schemaLocation="http://www.loc.gov/MARC21/slim http://www.loc.gov/standards/marcxml/schema/MARC21slim.xsd"><leader>02216nam a2200277 c 4500</leader><controlfield tag="001">991000013769705502</controlfield><controlfield tag="005">20201126054604.0</controlfield><controlfield tag="008">090220s2008    sz ||||| m||| 00| ||fre d</controlfield><datafield ind1=" " ind2=" " tag="019"><subfield code="a">Catalogage décrit: ex. de thèse</subfield><subfield code="5">RERO/geufpe/02.2009</subfield></datafield><datafield ind1=" " ind2=" " tag="035"><subfield code="a">(swissbib)107737418-41slsp_network</subfield></datafield><datafield ind1=" " ind2=" " tag="035"><subfield code="a">107737418</subfield><subfield code="9">ExL</subfield></datafield><datafield ind1=" " ind2=" " tag="035"><subfield code="a">(RERO)R005004080-41slsp</subfield></datafield><datafield ind1=" " ind2=" " tag="035"><subfield code="a">(EXLNZ-41SLSP_NETWORK)991160131599705501</subfield></datafield><datafield ind1=" " ind2=" " tag="040"><subfield code="a">RERO geufpe</subfield><subfield code="d">CH-ZuSLS</subfield></datafield><datafield ind1=" " ind2=" " tag="044"><subfield code="a">sz</subfield><subfield code="c">ch-ge</subfield></datafield><datafield ind1=" " ind2="7" tag="072"><subfield code="a">pe</subfield><subfield code="2">rero</subfield></datafield><datafield ind1="1" ind2=" " tag="100"><subfield code="a">Bocchi, Pier Carlo</subfield><subfield code="0">(RERO)A016311813</subfield><subfield code="4">cre</subfield></datafield><datafield ind1="1" ind2="0" tag="245"><subfield code="a">&lt;&lt;Le&gt;&gt; fonctionnement didactique de l'entrée dans l'écrit</subfield><subfield code="b">contribution à l'élaboration d'une théorie didactique des pratiques d'enseignement et d'apprentissage</subfield><subfield code="c">Pier Carlo Bocchi</subfield></datafield><datafield ind1=" " ind2="1" tag="264"><subfield code="a">Genève</subfield><subfield code="b">[éditeur non identifié]</subfield><subfield code="c">2008</subfield></datafield><datafield ind1=" " ind2=" " tag="300"><subfield code="a">431 p.</subfield><subfield code="b">ill.</subfield></datafield><datafield ind1=" " ind2=" " tag="336"><subfield code="b">txt</subfield><subfield code="2">rdacontent</subfield></datafield><datafield ind1=" " ind2=" " tag="337"><subfield code="b">n</subfield><subfield code="2">rdamedia</subfield></datafield><datafield ind1=" " ind2=" " tag="338"><subfield code="b">nc</subfield><subfield code="2">rdacarrier</subfield></datafield><datafield ind1=" " ind2=" " tag="502"><subfield code="a">Th. Univ. Genève, 2008 ; FPE 419</subfield></datafield><datafield ind1=" " ind2=" " tag="508"><subfield code="a">Directrices de thèse: Professeure Maria Luisa Schubauer-Leoni, Professeure Madelon Saada-Robert</subfield></datafield><datafield ind1="8" ind2=" " tag="520"><subfield code="a">S'inscrivant dans l'approche de la didactique comparée, la thèse explore les pratiques d'enseignement/apprentissage portant sur l'entrée dans l'écrit sur le temps long d'une année scolaire. L'étude a été effectuée dans le cadre de trois systèmes didactiques distincts. Grâce à un dispositif de production de traces, comprenant à la fois l'observation de l'activité conjointe de l'enseignement et des élèves, ainsi que la prise en compte d'une pluralité de déterminations de l'action enseignante (le savoir formel en lecture/écriture, les prescriptions officielles, l'épistémologie pratique des enseignants et les systèmes de tâches utilisés), la recherche met en évidence comment certaines dynamiques de différenciation passive prennent corps. Celles-ci tendent à produire des interactions cognitivement denses plutôt chez les élèves plus avancés et à maintenir les élèves moins avancés dans des systèmes d'objets simplifiés; les systèmes d'objets complexes étant plutôt l'enjeu d'échanges collectifs, alors que des objets plus simples sont convoqués dans des situations individualisées</subfield><subfield code="5">RERO/geudbu/03.2009</subfield></datafield><datafield ind1=" " ind2=" " tag="900"><subfield code="a">REROnoselfmerge</subfield></datafield></record>
</metadata></record>