<record><header><identifier>oai:alma.41SLSP_UGE:991000014079705502</identifier><datestamp>2024-02-26T01:20:46Z</datestamp><setSpec>uge_bcen_RapidILL_BOOK</setSpec><setSpec>uge_aaca_RapidILL_BOOK</setSpec><setSpec>uge_abels_RapidILL_BOOK</setSpec><setSpec>uge_dbu_RapidILL_BOOK</setSpec><setSpec>uge_cmu_RapidILL_BOOK</setSpec><setSpec>uge_mail_RapidILL_BOOK</setSpec><setSpec>uge_abbat_RapidILL_BOOK</setSpec><setSpec>UNIGE_ALL</setSpec><setSpec>uge_aobs_RapidILL_BOOK</setSpec><setSpec>uge_acar_RapidILL_BOOK</setSpec></header><metadata>
<record xmlns="http://www.loc.gov/MARC21/slim" xmlns:xsi="http://www.w3.org/2001/XMLSchema-instance" xsi:schemaLocation="http://www.loc.gov/MARC21/slim http://www.loc.gov/standards/marcxml/schema/MARC21slim.xsd"><leader>03142nam a2200745 c 4500</leader><controlfield tag="001">991000014079705502</controlfield><controlfield tag="005">20230227192202.0</controlfield><controlfield tag="008">201012s2003    sz ||||| |||| 10| ||eng d</controlfield><datafield ind1=" " ind2=" " tag="020"><subfield code="a">3727814438</subfield></datafield><datafield ind1=" " ind2=" " tag="035"><subfield code="a">(swissbib)237312034-41slsp_network</subfield></datafield><datafield ind1=" " ind2=" " tag="035"><subfield code="a">237312034</subfield><subfield code="9">ExL</subfield></datafield><datafield ind1=" " ind2=" " tag="035"><subfield code="a">(RERO)R003391923-41slsp</subfield></datafield><datafield ind1=" " ind2=" " tag="035"><subfield code="a">(IDSBB)003117488DSV01</subfield></datafield><datafield ind1=" " ind2=" " tag="035"><subfield code="a">(NEBIS)004559128EBI01</subfield></datafield><datafield ind1=" " ind2=" " tag="035"><subfield code="a">(EXLNZ-41SLSP_NETWORK)991158795989705501</subfield></datafield><datafield ind1=" " ind2=" " tag="040"><subfield code="a">RERO frbcuc</subfield><subfield code="d">CH-ZuSLS</subfield></datafield><datafield ind1=" " ind2=" " tag="044"><subfield code="a">sz</subfield><subfield code="c">ch-fr</subfield></datafield><datafield ind1=" " ind2="7" tag="072"><subfield code="a">et</subfield><subfield code="2">rero</subfield></datafield><datafield ind1=" " ind2="7" tag="072"><subfield code="a">og</subfield><subfield code="2">SzZuIDS BS/BE</subfield></datafield><datafield ind1=" " ind2="7" tag="072"><subfield code="a">vk</subfield><subfield code="2">SzZuIDS BS/BE</subfield></datafield><datafield ind1="1" ind2="4" tag="082"><subfield code="a">390</subfield><subfield code="2">15</subfield></datafield><datafield ind1="1" ind2="4" tag="082"><subfield code="a">940</subfield><subfield code="2">15</subfield></datafield><datafield ind1=" " ind2=" " tag="084"><subfield code="a">LB 40320</subfield><subfield code="2">rvk</subfield></datafield><datafield ind1="0" ind2="0" tag="245"><subfield code="a">Baltic states</subfield><subfield code="b">looking at small societies on Europe's margin</subfield><subfield code="c">ed. by Christian Giordano, Alina Žvinklienė, Daniel Henseler</subfield></datafield><datafield ind1=" " ind2="1" tag="264"><subfield code="a">Fribourg Switzerland</subfield><subfield code="b">University Press</subfield><subfield code="c">[2003]</subfield></datafield><datafield ind1=" " ind2="3" tag="264"><subfield code="a">Fribourg Suisse</subfield><subfield code="b">Saint-Paul</subfield></datafield><datafield ind1=" " ind2="4" tag="264"><subfield code="c">© 2003</subfield></datafield><datafield ind1=" " ind2=" " tag="300"><subfield code="a">182 p.</subfield><subfield code="b">ill.</subfield><subfield code="c">23 cm</subfield></datafield><datafield ind1=" " ind2=" " tag="336"><subfield code="b">txt</subfield><subfield code="2">rdacontent</subfield></datafield><datafield ind1=" " ind2=" " tag="337"><subfield code="b">n</subfield><subfield code="2">rdamedia</subfield></datafield><datafield ind1=" " ind2=" " tag="338"><subfield code="b">nc</subfield><subfield code="2">rdacarrier</subfield></datafield><datafield ind1="1" ind2=" " tag="490"><subfield code="a">Studia ethnographica friburgensia</subfield><subfield code="v">28</subfield></datafield><datafield ind1=" " ind2="7" tag="650"><subfield code="a">2001</subfield><subfield code="2">rero</subfield></datafield><datafield ind1=" " ind2="7" tag="650"><subfield code="a">Développement humain</subfield><subfield code="0">(IDREF)104842903</subfield><subfield code="2">idref</subfield></datafield><datafield ind1=" " ind2="7" tag="650"><subfield code="a">Entwicklung (Sozialwissenschaften)</subfield><subfield code="z">Baltikum</subfield><subfield code="v">Kongress (Freiburg/Schweiz, 2001)</subfield><subfield code="2">idszbz</subfield></datafield><datafield ind1=" " ind2="7" tag="650"><subfield code="a">Sozioökonomischer Wandel</subfield><subfield code="2">idszbz</subfield></datafield><datafield ind1=" " ind2="7" tag="650"><subfield code="a">Wirtschaftsentwicklung</subfield><subfield code="2">idszbz</subfield></datafield><datafield ind1=" " ind2="7" tag="650"><subfield code="a">Entwicklung</subfield><subfield code="0">(DE-588)4113450-3</subfield><subfield code="2">gnd</subfield></datafield><datafield ind1=" " ind2="7" tag="650"><subfield code="a">Fotografie</subfield><subfield code="0">(DE-588)4045895-7</subfield><subfield code="2">gnd</subfield></datafield><datafield ind1=" " ind2="7" tag="650"><subfield code="a">Gesellschaft</subfield><subfield code="0">(DE-588)4020588-5</subfield><subfield code="2">gnd</subfield></datafield><datafield ind1=" " ind2="0" tag="650"><subfield code="a">Post-communism</subfield><subfield code="z">Baltic States</subfield></datafield><datafield ind1=" " ind2="0" tag="650"><subfield code="a">Post-communism</subfield><subfield code="z">Baltic States</subfield><subfield code="v">Congresses</subfield></datafield><datafield ind1=" " ind2="0" tag="650"><subfield code="a">Social change</subfield><subfield code="z">Baltic States</subfield></datafield><datafield ind1=" " ind2="0" tag="650"><subfield code="a">Social change</subfield><subfield code="z">Baltic States</subfield><subfield code="v">Congresses</subfield></datafield><datafield ind1=" " ind2="7" tag="651"><subfield code="a">Baltique (mer)</subfield><subfield code="0">(IDREF)02760487X</subfield><subfield code="2">idref</subfield></datafield><datafield ind1=" " ind2="7" tag="651"><subfield code="a">Fribourg (Fribourg, Suisse)</subfield><subfield code="0">(IDREF)027526836</subfield><subfield code="2">idref</subfield></datafield><datafield ind1=" " ind2="7" tag="651"><subfield code="a">Baltikum</subfield><subfield code="z">Europa</subfield><subfield code="y">Geschichte 20. Jh</subfield><subfield code="v">Kongressbericht</subfield><subfield code="2">idsbb</subfield></datafield><datafield ind1=" " ind2="7" tag="651"><subfield code="a">Europa</subfield><subfield code="z">Baltikum</subfield><subfield code="y">Geschichte 20. Jh</subfield><subfield code="v">Kongressbericht</subfield><subfield code="2">idsbb</subfield></datafield><datafield ind1=" " ind2="7" tag="651"><subfield code="a">Baltikum</subfield><subfield code="x">Entwicklung (Sozialwissenschaften)</subfield><subfield code="v">Kongress (Freiburg/Schweiz, 2001)</subfield><subfield code="2">idszbz</subfield></datafield><datafield ind1=" " ind2="7" tag="651"><subfield code="a">Baltikum</subfield><subfield code="2">idszbz</subfield></datafield><datafield ind1=" " ind2="7" tag="651"><subfield code="a">Baltikum</subfield><subfield code="0">(DE-588)4004379-4</subfield><subfield code="2">gnd</subfield></datafield><datafield ind1=" " ind2="0" tag="651"><subfield code="a">Baltic States</subfield><subfield code="x">Ethnic relations</subfield></datafield><datafield ind1=" " ind2="0" tag="651"><subfield code="a">Baltic States</subfield><subfield code="x">Ethnic relations</subfield><subfield code="v">Congresses</subfield></datafield><datafield ind1=" " ind2="0" tag="651"><subfield code="a">Baltic States</subfield><subfield code="x">Social conditions</subfield></datafield><datafield ind1=" " ind2="0" tag="651"><subfield code="a">Baltic States</subfield><subfield code="x">Social conditions</subfield><subfield code="v">Congresses</subfield></datafield><datafield ind1=" " ind2="7" tag="655"><subfield code="a">[Études diverses]</subfield><subfield code="0">(RERO)A022249905</subfield><subfield code="2">rero</subfield></datafield><datafield ind1=" " ind2="7" tag="655"><subfield code="a">Aufsatzsammlung</subfield><subfield code="2">idszbz</subfield></datafield><datafield ind1=" " ind2=" " tag="691"><subfield code="e">RB 1.c</subfield><subfield code="a">Modern Baltic Countries. General and specific data on Estonia, Latvia, and Lithuania and their peoples</subfield><subfield code="2">ubs-FH</subfield></datafield><datafield ind1="1" ind2=" " tag="700"><subfield code="a">Giordano, Christian</subfield><subfield code="d">1945-2018</subfield><subfield code="0">(DE-588)143030698</subfield><subfield code="6">880-02</subfield></datafield><datafield ind1="1" ind2=" " tag="880"><subfield code="6">700-02</subfield><subfield code="a">Giordano, Christian</subfield><subfield code="d">1945-....</subfield><subfield code="0">(IDREF)033875006</subfield></datafield><datafield ind1=" " ind2="0" tag="830"><subfield code="a">Studia ethnographica Friburgensia</subfield><subfield code="v">28</subfield><subfield code="w">(NEBIS)000059346EBI01</subfield></datafield><datafield ind1=" " ind2="0" tag="830"><subfield code="a">Studia ethnographica Friburgensia</subfield><subfield code="v">28</subfield><subfield code="w">(IDSBB)000075110DSV01</subfield></datafield><datafield ind1=" " ind2="0" tag="830"><subfield code="a">Studia Ethnographica Friburgensia</subfield><subfield code="v">28</subfield><subfield code="w">(RERO)0029771-41slsp</subfield></datafield><datafield ind1=" " ind2=" " tag="900"><subfield code="a">REROnoselfmerge</subfield></datafield><datafield ind1=" " ind2=" " tag="900"><subfield code="a">IDSAxvkvol</subfield></datafield><datafield ind1=" " ind2=" " tag="900"><subfield code="a">IDSZ2zbzmon200307e</subfield><subfield code="c">IDSZ2emme</subfield><subfield code="d">IDSZ2zbzswk200307b</subfield><subfield code="e">IDSZ2hang</subfield></datafield><datafield ind1=" " ind2=" " tag="961"><subfield code="2">gsi</subfield><subfield code="a">947.4</subfield><subfield code="9">LOCAL</subfield></datafield></record>
</metadata></record>