<record><header><identifier>oai:alma.41SLSP_UGE:991000013999705502</identifier><datestamp>2024-03-09T01:39:47Z</datestamp><setSpec>uge_bcen_RapidILL_BOOK</setSpec><setSpec>uge_aaca_RapidILL_BOOK</setSpec><setSpec>uge_abels_RapidILL_BOOK</setSpec><setSpec>uge_dbu_RapidILL_BOOK</setSpec><setSpec>uge_cmu_RapidILL_BOOK</setSpec><setSpec>uge_mail_RapidILL_BOOK</setSpec><setSpec>uge_abbat_RapidILL_BOOK</setSpec><setSpec>UNIGE_ALL</setSpec><setSpec>uge_acar_RapidILL_BOOK</setSpec><setSpec>uge_aobs_RapidILL_BOOK</setSpec></header><metadata>
<record xmlns="http://www.loc.gov/MARC21/slim" xmlns:xsi="http://www.w3.org/2001/XMLSchema-instance" xsi:schemaLocation="http://www.loc.gov/MARC21/slim http://www.loc.gov/standards/marcxml/schema/MARC21slim.xsd"><leader>02079nam a2200505 ca4500</leader><controlfield tag="001">991000013999705502</controlfield><controlfield tag="005">20240308235021.0</controlfield><controlfield tag="008">201011m19221924sz ||||| |||| 00| ||ger d</controlfield><datafield ind1=" " ind2=" " tag="035"><subfield code="a">(swissbib)218363974-41slsp_network</subfield></datafield><datafield ind1=" " ind2=" " tag="035"><subfield code="a">218363974</subfield><subfield code="9">ExL</subfield></datafield><datafield ind1=" " ind2=" " tag="035"><subfield code="a">(RERO)1164654-41slsp</subfield></datafield><datafield ind1=" " ind2=" " tag="035"><subfield code="a">(NEBIS)002530946EBI01</subfield></datafield><datafield ind1=" " ind2=" " tag="035"><subfield code="a">(IDSLU)000851782ILU01</subfield></datafield><datafield ind1=" " ind2=" " tag="035"><subfield code="a">(ABN)000144120ABN01</subfield></datafield><datafield ind1=" " ind2=" " tag="035"><subfield code="a">(ALEX)bv9925913517001791</subfield></datafield><datafield ind1=" " ind2=" " tag="035"><subfield code="a">(ALEX)9925913517001791</subfield></datafield><datafield ind1=" " ind2=" " tag="035"><subfield code="z">(CH-ZuSLS)991170963916505501</subfield></datafield><datafield ind1=" " ind2=" " tag="035"><subfield code="a">(EXLNZ-41SLSP_NETWORK)991038966519705501</subfield></datafield><datafield ind1=" " ind2=" " tag="040"><subfield code="a">RERO labcud</subfield><subfield code="d">CH-ZuSLS</subfield></datafield><datafield ind1=" " ind2=" " tag="044"><subfield code="a">sz</subfield><subfield code="c">ch-tg</subfield></datafield><datafield ind1=" " ind2="7" tag="072"><subfield code="a">al</subfield><subfield code="2">rero</subfield></datafield><datafield ind1="1" ind2=" " tag="100"><subfield code="a">Widmann, Elisabeth</subfield><subfield code="d">1871-1969</subfield><subfield code="6">880-01</subfield><subfield code="0">(DE-588)117339075</subfield><subfield code="4">aut</subfield></datafield><datafield ind1="1" ind2=" " tag="880"><subfield code="6">100-01/(B</subfield><subfield code="a">Widmann, Elisabeth</subfield><subfield code="0">(RERO)A003972999</subfield><subfield code="4">aut</subfield></datafield><datafield ind1="1" ind2="0" tag="245"><subfield code="a">Josef Viktor Widmann</subfield><subfield code="b">ein Lebensbild</subfield><subfield code="c">verfasst von Elisabeth [und] Max Widmann</subfield></datafield><datafield ind1=" " ind2="1" tag="264"><subfield code="a">Frauenfeld</subfield><subfield code="a">Leipzig</subfield><subfield code="b">Huber</subfield><subfield code="c">1922-1924</subfield></datafield><datafield ind1=" " ind2=" " tag="300"><subfield code="a">2 Bände</subfield><subfield code="b">Ill.</subfield><subfield code="c">21 cm</subfield></datafield><datafield ind1=" " ind2=" " tag="336"><subfield code="b">txt</subfield><subfield code="2">rdacontent</subfield></datafield><datafield ind1=" " ind2=" " tag="337"><subfield code="b">n</subfield><subfield code="2">rdamedia</subfield></datafield><datafield ind1=" " ind2=" " tag="338"><subfield code="b">nc</subfield><subfield code="2">rdacarrier</subfield></datafield><datafield ind1="0" ind2=" " tag="505"><subfield code="a">[Bd. 1]: Erste Lebenshälfte, verfasst von Elisabeth Widmann, 1922</subfield></datafield><datafield ind1="0" ind2=" " tag="505"><subfield code="a">[Bd. 2]: Zweite Lebenshälfte, verfasst von Max Widmann, 1924</subfield></datafield><datafield ind1="1" ind2="7" tag="600"><subfield code="a">Widmann, Josef Viktor</subfield><subfield code="0">(RERO)A010167372</subfield><subfield code="2">rero</subfield></datafield><datafield ind1="1" ind2="7" tag="600"><subfield code="a">Widmann, Joseph Viktor</subfield><subfield code="d">1842-1911</subfield><subfield code="0">(DE-588)118632302</subfield><subfield code="2">gnd</subfield></datafield><datafield ind1=" " ind2="7" tag="655"><subfield code="a">Biografie</subfield><subfield code="2">gnd-content</subfield></datafield><datafield ind1=" " ind2=" " tag="690"><subfield code="a">Widmann, Joseph Viktor</subfield><subfield code="d">1842-1911</subfield><subfield code="2">nebis-E5</subfield></datafield><datafield ind1=" " ind2=" " tag="690"><subfield code="a">Widmann, Josef Viktor, B: Biographie</subfield><subfield code="2">rzs-L1</subfield></datafield><datafield ind1="1" ind2=" " tag="700"><subfield code="6">880-02</subfield><subfield code="a">Widmann, Max</subfield><subfield code="d">1867-1946</subfield><subfield code="0">(DE-588)117339628</subfield></datafield><datafield ind1="1" ind2=" " tag="880"><subfield code="6">700-02/(B</subfield><subfield code="a">Widmann, Max</subfield><subfield code="0">(RERO)A003973025</subfield></datafield><datafield ind1="4" ind2=" " tag="856"><subfield code="3">Titelblatt und Inhaltsverzeichnis</subfield><subfield code="u">https://toc.library.ethz.ch/objects/pdf_ead50/3/E45_002530946_TB-Inhalt_002057050.pdf</subfield><subfield code="q">pdf</subfield></datafield><datafield ind1=" " ind2=" " tag="900"><subfield code="a">IDSERMedeaSOZARCH. Mehrbd</subfield></datafield><datafield ind1=" " ind2=" " tag="900"><subfield code="a">IDSZRMedeaZBZ</subfield><subfield code="b">IDSZRSWK</subfield></datafield><datafield ind1=" " ind2=" " tag="900"><subfield code="a">IDSZRMedeaZBZ</subfield><subfield code="b">IDSZRMehrbändig</subfield></datafield><datafield ind1=" " ind2=" " tag="900"><subfield code="a">IDSZRMedeaZBZ</subfield><subfield code="b">IDSZRExemplare</subfield></datafield><datafield ind1=" " ind2=" " tag="900"><subfield code="a">IDSZRMedeaMUG</subfield><subfield code="c">IDSZRlind</subfield></datafield><datafield ind1=" " ind2=" " tag="900"><subfield code="f">IDSU2medea</subfield></datafield><datafield ind1=" " ind2=" " tag="949"><subfield code="a">https://toc.library.ethz.ch/objects/pdf_ead50/3/E45_002530946_TB-Inhalt_002057050.pdf</subfield></datafield></record>
</metadata></record>