<record><header><identifier>oai:alma.41SLSP_UGE:991000014309705502</identifier><datestamp>2023-12-01T01:48:37Z</datestamp><setSpec>uge_bcen_RapidILL_BOOK</setSpec><setSpec>uge_aaca_RapidILL_BOOK</setSpec><setSpec>uge_abels_RapidILL_BOOK</setSpec><setSpec>uge_dbu_RapidILL_BOOK</setSpec><setSpec>uge_cmu_RapidILL_BOOK</setSpec><setSpec>uge_mail_RapidILL_BOOK</setSpec><setSpec>uge_abbat_RapidILL_BOOK</setSpec><setSpec>UNIGE_ALL</setSpec><setSpec>uge_aobs_RapidILL_BOOK</setSpec><setSpec>uge_acar_RapidILL_BOOK</setSpec></header><metadata>
<record xmlns="http://www.loc.gov/MARC21/slim" xmlns:xsi="http://www.w3.org/2001/XMLSchema-instance" xsi:schemaLocation="http://www.loc.gov/MARC21/slim http://www.loc.gov/standards/marcxml/schema/MARC21slim.xsd"><leader>03273nam a2200817 c 4500</leader><controlfield tag="001">991000014309705502</controlfield><controlfield tag="005">20230302193031.0</controlfield><controlfield tag="008">201011t19931993xxk|||||      00| ||eng|d</controlfield><datafield ind1=" " ind2=" " tag="020"><subfield code="a">1873938454</subfield></datafield><datafield ind1="7" ind2=" " tag="024"><subfield code="a">http://catalogue.bnf.fr/ark:/12148/cb37469216c</subfield><subfield code="2">uri</subfield></datafield><datafield ind1=" " ind2=" " tag="035"><subfield code="a">(swissbib)215111818-41slsp_network</subfield></datafield><datafield ind1=" " ind2=" " tag="035"><subfield code="a">215111818</subfield><subfield code="9">ExL</subfield></datafield><datafield ind1=" " ind2=" " tag="035"><subfield code="a">(IDSLU)001256735ILU01</subfield></datafield><datafield ind1=" " ind2=" " tag="035"><subfield code="a">(RERO)2013127-41slsp</subfield></datafield><datafield ind1=" " ind2=" " tag="035"><subfield code="a">(IDSBB)000971514DSV01</subfield></datafield><datafield ind1=" " ind2=" " tag="035"><subfield code="a">(NEBIS)000928024EBI01</subfield></datafield><datafield ind1=" " ind2=" " tag="035"><subfield code="a">(EXLNZ-41SLSP_NETWORK)991109330609705501</subfield></datafield><datafield ind1=" " ind2=" " tag="040"><subfield code="a">ETH-BAU</subfield><subfield code="b">ger</subfield><subfield code="e">rda</subfield><subfield code="d">CH-ZuSLS</subfield></datafield><datafield ind1=" " ind2="7" tag="072"><subfield code="a">0</subfield><subfield code="2">IDS LU</subfield></datafield><datafield ind1=" " ind2="7" tag="072"><subfield code="a">ba</subfield><subfield code="2">rero</subfield></datafield><datafield ind1=" " ind2="7" tag="072"><subfield code="a">at</subfield><subfield code="2">rero</subfield></datafield><datafield ind1=" " ind2="7" tag="072"><subfield code="a">kh</subfield><subfield code="2">SzZuIDS BS/BE</subfield></datafield><datafield ind1="0" ind2="0" tag="082"><subfield code="a">709/.17/671</subfield><subfield code="2">20</subfield></datafield><datafield ind1="0" ind2="4" tag="082"><subfield code="a">709.176</subfield><subfield code="2">22</subfield></datafield><datafield ind1="0" ind2="4" tag="082"><subfield code="a">FOL/709.297</subfield><subfield code="b">E491is</subfield></datafield><datafield ind1="1" ind2="4" tag="082"><subfield code="a">709.176 71</subfield><subfield code="2">22</subfield></datafield><datafield ind1="1" ind2="4" tag="082"><subfield code="a">729.0917671</subfield><subfield code="2">21</subfield></datafield><datafield ind1="1" ind2="4" tag="082"><subfield code="a">745.44917671</subfield><subfield code="2">20</subfield></datafield><datafield ind1=" " ind2=" " tag="084"><subfield code="a">LH 67100</subfield><subfield code="2">rvk</subfield></datafield><datafield ind1=" " ind2=" " tag="084"><subfield code="a">ZH 3450</subfield><subfield code="2">rvk</subfield></datafield><datafield ind1=" " ind2=" " tag="084"><subfield code="a">ZH 4968</subfield><subfield code="2">rvk</subfield></datafield><datafield ind1=" " ind2=" " tag="084"><subfield code="a">LH 65960</subfield><subfield code="2">rvk</subfield></datafield><datafield ind1="1" ind2=" " tag="100"><subfield code="a">Saʿīd, ʿIṣām &lt;&lt;as-&gt;&gt;</subfield><subfield code="d">1938-1988</subfield><subfield code="0">(DE-588)119440350</subfield><subfield code="e">Verfasser</subfield><subfield code="4">aut</subfield></datafield><datafield ind1="1" ind2="0" tag="245"><subfield code="a">Islamic art and architecture</subfield><subfield code="b">the system of geometric design</subfield><subfield code="c">Issam El-Said ; edited by Tarek El-Bouri &amp; Keith Critchlow ; general editor: Salma Samar Damluji</subfield></datafield><datafield ind1="1" ind2="3" tag="246"><subfield code="a">&lt;&lt;The&gt;&gt; system of geometric design</subfield></datafield><datafield ind1=" " ind2="1" tag="264"><subfield code="a">Reading, United Kingdom</subfield><subfield code="b">Garnet</subfield><subfield code="c">©1993</subfield></datafield><datafield ind1=" " ind2="4" tag="264"><subfield code="c">© 1993</subfield></datafield><datafield ind1=" " ind2=" " tag="300"><subfield code="a">135 S.</subfield><subfield code="c">35 cm</subfield><subfield code="b">112 Ill.</subfield></datafield><datafield ind1=" " ind2=" " tag="336"><subfield code="b">txt</subfield><subfield code="2">rdacontent</subfield></datafield><datafield ind1=" " ind2=" " tag="337"><subfield code="b">n</subfield><subfield code="2">rdamedia</subfield></datafield><datafield ind1=" " ind2=" " tag="338"><subfield code="b">nc</subfield><subfield code="2">rdacarrier</subfield></datafield><datafield ind1=" " ind2="7" tag="650"><subfield code="a">Islamische Architektur</subfield><subfield code="0">(DE-588)4362670-1</subfield><subfield code="2">gnd</subfield></datafield><datafield ind1=" " ind2="7" tag="650"><subfield code="a">Ornament</subfield><subfield code="0">(DE-588)4043886-7</subfield><subfield code="2">gnd</subfield></datafield><datafield ind1=" " ind2="7" tag="650"><subfield code="a">Géométrie</subfield><subfield code="0">(IDREF)027227545</subfield><subfield code="2">idref</subfield></datafield><datafield ind1=" " ind2="7" tag="650"><subfield code="a">Art islamique</subfield><subfield code="0">(IDREF)027280578</subfield><subfield code="2">idref</subfield></datafield><datafield ind1=" " ind2="7" tag="650"><subfield code="a">Islam</subfield><subfield code="x">Geometrisches Ornament</subfield><subfield code="2">idsbb</subfield></datafield><datafield ind1=" " ind2="7" tag="650"><subfield code="a">Islam</subfield><subfield code="x">Ornamentzeichnung</subfield><subfield code="2">idsbb</subfield></datafield><datafield ind1=" " ind2="7" tag="650"><subfield code="a">Geometrisches Ornament</subfield><subfield code="x">Islam</subfield><subfield code="2">idsbb</subfield></datafield><datafield ind1=" " ind2="7" tag="650"><subfield code="a">Ornamentzeichnung</subfield><subfield code="x">Islam</subfield><subfield code="2">idsbb</subfield></datafield><datafield ind1=" " ind2="7" tag="650"><subfield code="a">Geometrisches Ornament</subfield><subfield code="0">(DE-588)4156731-6</subfield><subfield code="2">gnd</subfield></datafield><datafield ind1=" " ind2="7" tag="650"><subfield code="a">Islam</subfield><subfield code="0">(DE-588)4027743-4</subfield><subfield code="2">gnd</subfield></datafield><datafield ind1=" " ind2="7" tag="650"><subfield code="a">Islamische Kunst</subfield><subfield code="0">(DE-588)4138060-5</subfield><subfield code="2">gnd</subfield></datafield><datafield ind1=" " ind2="0" tag="650"><subfield code="a">Islamic art</subfield></datafield><datafield ind1=" " ind2="0" tag="650"><subfield code="a">Repetitive patterns (Decorative arts)</subfield><subfield code="z">Islamic countries</subfield></datafield><datafield ind1=" " ind2="7" tag="650"><subfield code="a">Islamische Kunst</subfield><subfield code="2">idszbz</subfield></datafield><datafield ind1=" " ind2="7" tag="650"><subfield code="a">Geometrisches Ornament</subfield><subfield code="2">idszbz</subfield></datafield><datafield ind1=" " ind2="7" tag="650"><subfield code="a">ANORDNUNGEN GEOMETRISCHER GEBILDE (GEOMETRIE)</subfield><subfield code="9">ger</subfield><subfield code="0">(ETHUDK)000012911</subfield><subfield code="2">ethudk</subfield></datafield><datafield ind1=" " ind2="7" tag="650"><subfield code="a">ARCHITEKTUR/GEOMETRISCHE FORMEN</subfield><subfield code="9">ger</subfield><subfield code="0">(ETHUDK)000048038</subfield><subfield code="2">ethudk</subfield></datafield><datafield ind1=" " ind2="7" tag="650"><subfield code="a">BODENPLATTEN UND FLIESEN (KERAMIK)</subfield><subfield code="9">ger</subfield><subfield code="0">(ETHUDK)000033655</subfield><subfield code="2">ethudk</subfield></datafield><datafield ind1=" " ind2="7" tag="650"><subfield code="a">ISLAMISCHE ARCHITEKTUR</subfield><subfield code="9">ger</subfield><subfield code="0">(ETHUDK)000035490</subfield><subfield code="2">ethudk</subfield></datafield><datafield ind1=" " ind2="7" tag="650"><subfield code="a">ISLAMISCHE KUNST</subfield><subfield code="9">ger</subfield><subfield code="0">(ETHUDK)000035268</subfield><subfield code="2">ethudk</subfield></datafield><datafield ind1=" " ind2=" " tag="690"><subfield code="a">Islamische Kunst</subfield><subfield code="2">nebis-E4</subfield></datafield><datafield ind1=" " ind2=" " tag="690"><subfield code="a">Geometrisches Ornament</subfield><subfield code="2">nebis-E4</subfield></datafield><datafield ind1="1" ind2=" " tag="700"><subfield code="a">Said, Issam El-</subfield><subfield code="d">1938-1988</subfield><subfield code="0">(IDREF)034908994</subfield><subfield code="4">cre</subfield></datafield><datafield ind1="1" ind2=" " tag="700"><subfield code="a">Bouri, Tarek El-</subfield><subfield code="0">(IDREF)034909001</subfield></datafield><datafield ind1="1" ind2=" " tag="700"><subfield code="a">Damluji, Salma Samar</subfield><subfield code="d">1954-....</subfield><subfield code="0">(IDREF)032400845</subfield></datafield><datafield ind1="1" ind2=" " tag="700"><subfield code="a">Critchlow, Keith</subfield></datafield><datafield ind1="1" ind2=" " tag="700"><subfield code="a">El-Said, Issam</subfield></datafield><datafield ind1="1" ind2=" " tag="700"><subfield code="a">El-Bouri, Tarek</subfield><subfield code="0">(DE-588)137425104</subfield><subfield code="e">Herausgeber</subfield><subfield code="4">edt</subfield><subfield code="6">880-02</subfield></datafield><datafield ind1="1" ind2=" " tag="880"><subfield code="a">El-Bouri, Tarek</subfield><subfield code="0">(DE-588)1087809193</subfield><subfield code="6">700-02</subfield></datafield><datafield ind1="1" ind2=" " tag="700"><subfield code="a">Damlūǧī, Salmā Samar &lt;&lt;ad&gt;&gt;</subfield><subfield code="d">1954-</subfield><subfield code="0">(DE-588)13398141X</subfield><subfield code="e">Herausgeber</subfield><subfield code="4">edt</subfield></datafield><datafield ind1=" " ind2=" " tag="900"><subfield code="a">REROnoselfmerge</subfield></datafield></record>
</metadata></record>