<record><header><identifier>oai:alma.41SLSP_UGE:991000013889705502</identifier><datestamp>2023-05-13T00:25:25Z</datestamp><setSpec>uge_bcen_RapidILL_BOOK</setSpec><setSpec>uge_aaca_RapidILL_BOOK</setSpec><setSpec>uge_abels_RapidILL_BOOK</setSpec><setSpec>uge_dbu_RapidILL_BOOK</setSpec><setSpec>uge_cmu_RapidILL_BOOK</setSpec><setSpec>uge_mail_RapidILL_BOOK</setSpec><setSpec>uge_abbat_RapidILL_BOOK</setSpec><setSpec>UNIGE_ALL</setSpec><setSpec>uge_acar_RapidILL_BOOK</setSpec><setSpec>uge_aobs_RapidILL_BOOK</setSpec></header><metadata>
<record xmlns="http://www.loc.gov/MARC21/slim" xmlns:xsi="http://www.w3.org/2001/XMLSchema-instance" xsi:schemaLocation="http://www.loc.gov/MARC21/slim http://www.loc.gov/standards/marcxml/schema/MARC21slim.xsd"><leader>02009nam a2200493 c 4500</leader><controlfield tag="001">991000013889705502</controlfield><controlfield tag="005">20230127204520.0</controlfield><controlfield tag="008">201012s2001    fr ||||| |||| 00| ||fre d</controlfield><datafield ind1=" " ind2=" " tag="020"><subfield code="a">2707612456</subfield></datafield><datafield ind1=" " ind2=" " tag="035"><subfield code="a">(swissbib)239243269-41slsp_network</subfield></datafield><datafield ind1=" " ind2=" " tag="035"><subfield code="a">239243269</subfield><subfield code="9">ExL</subfield></datafield><datafield ind1=" " ind2=" " tag="035"><subfield code="a">(RERO)R003034078-41slsp</subfield></datafield><datafield ind1=" " ind2=" " tag="035"><subfield code="a">(IDSBB)002290790DSV01</subfield></datafield><datafield ind1=" " ind2=" " tag="035"><subfield code="a">(NEBIS)004165658EBI01</subfield></datafield><datafield ind1=" " ind2=" " tag="035"><subfield code="a">(EXLNZ-41SLSP_NETWORK)991093429069705501</subfield></datafield><datafield ind1=" " ind2=" " tag="040"><subfield code="a">RERO laciob</subfield><subfield code="d">CH-ZuSLS</subfield></datafield><datafield ind1=" " ind2="7" tag="072"><subfield code="a">dr</subfield><subfield code="2">rero</subfield></datafield><datafield ind1=" " ind2="7" tag="072"><subfield code="a">rw</subfield><subfield code="2">SzZuIDS BS/BE</subfield></datafield><datafield ind1="0" ind2="4" tag="082"><subfield code="a">341</subfield><subfield code="b">LATT</subfield></datafield><datafield ind1="1" ind2="4" tag="082"><subfield code="a">340</subfield><subfield code="2">15</subfield></datafield><datafield ind1=" " ind2=" " tag="084"><subfield code="a">D 37 g</subfield><subfield code="2">cjurrom</subfield></datafield><datafield ind1=" " ind2=" " tag="084"><subfield code="a">D 37.2 g</subfield><subfield code="2">cjurrom</subfield></datafield><datafield ind1="1" ind2=" " tag="100"><subfield code="a">Latty, Franck</subfield><subfield code="d">1973-....</subfield><subfield code="0">(IDREF)058594450</subfield><subfield code="4">cre</subfield></datafield><datafield ind1="1" ind2="0" tag="245"><subfield code="a">&lt;&lt;Le&gt;&gt; Comité international olympique et le droit international</subfield><subfield code="c">Franck Latty ; avant-propos d'Alain Pellet ; préface de Kéba Mbaye</subfield></datafield><datafield ind1=" " ind2="1" tag="264"><subfield code="a">Paris</subfield><subfield code="b">CEDIN Paris X-Nanterre</subfield><subfield code="b">Montchrestien</subfield><subfield code="c">2001</subfield></datafield><datafield ind1=" " ind2=" " tag="300"><subfield code="a">XX, 235 p.</subfield></datafield><datafield ind1=" " ind2=" " tag="336"><subfield code="b">txt</subfield><subfield code="2">rdacontent</subfield></datafield><datafield ind1=" " ind2=" " tag="337"><subfield code="b">n</subfield><subfield code="2">rdamedia</subfield></datafield><datafield ind1=" " ind2=" " tag="338"><subfield code="b">nc</subfield><subfield code="2">rdacarrier</subfield></datafield><datafield ind1="1" ind2=" " tag="490"><subfield code="a">Perspectives internationales</subfield><subfield code="v">no 21</subfield></datafield><datafield ind1=" " ind2=" " tag="500"><subfield code="a">La page de titre porte la mention : Ouvrage honoré d'une subvention du Centre d'Etudes olympiques (Musée olympique, Lausanne)</subfield></datafield><datafield ind1="2" ind2="7" tag="610"><subfield code="a">Comité international olympique</subfield><subfield code="0">(IDREF)026586827</subfield><subfield code="2">idref</subfield></datafield><datafield ind1="2" ind2="7" tag="610"><subfield code="a">Internationales Olympisches Komitee</subfield><subfield code="2">idszbz</subfield></datafield><datafield ind1="2" ind2="0" tag="610"><subfield code="a">International Olympic Committee</subfield></datafield><datafield ind1=" " ind2="7" tag="650"><subfield code="a">Droit international</subfield><subfield code="0">(IDREF)050627597</subfield><subfield code="2">idref</subfield></datafield><datafield ind1=" " ind2="7" tag="650"><subfield code="a">Internationales Olympisches Komitee</subfield><subfield code="x">Völkerrecht</subfield><subfield code="2">idsbb</subfield></datafield><datafield ind1=" " ind2="7" tag="650"><subfield code="a">Internationales Recht</subfield><subfield code="2">idszbz</subfield></datafield><datafield ind1=" " ind2="0" tag="650"><subfield code="a">Sports</subfield><subfield code="x">Law and legislation</subfield></datafield><datafield ind1="1" ind2=" " tag="700"><subfield code="a">Pellet, Alain</subfield><subfield code="c">juriste</subfield><subfield code="d">1947-....</subfield><subfield code="0">(IDREF)027062945</subfield></datafield><datafield ind1="1" ind2=" " tag="700"><subfield code="a">Mbaye, Keba</subfield><subfield code="d">1924-2007</subfield><subfield code="0">(IDREF)031700217</subfield></datafield><datafield ind1="2" ind2=" " tag="710"><subfield code="a">Internationales Olympisches Komitee</subfield><subfield code="0">(DE-588)210056-3</subfield></datafield><datafield ind1=" " ind2=" " tag="830"><subfield code="a">Perspectives internationales</subfield><subfield code="v">21</subfield><subfield code="w">(IDSBB)002087444DSV01</subfield></datafield><datafield ind1=" " ind2=" " tag="900"><subfield code="a">REROnoselfmerge</subfield></datafield><datafield ind1=" " ind2=" " tag="900"><subfield code="a">IDSZ2rwimon200202l</subfield><subfield code="c">IDSZ2rosi</subfield></datafield><datafield ind1=" " ind2=" " tag="900"><subfield code="a">IDSZ2zbzmon200110i</subfield><subfield code="c">IDSZ2baeh</subfield><subfield code="d">IDSZ2zbzswk200110b</subfield><subfield code="e">IDSZ2bruu</subfield></datafield></record>
</metadata></record>