<record><header><identifier>oai:alma.41SLSP_UGE:991000013469705502</identifier><datestamp>2023-04-08T00:15:52Z</datestamp><setSpec>uge_bcen_RapidILL_BOOK</setSpec><setSpec>uge_aaca_RapidILL_BOOK</setSpec><setSpec>uge_abels_RapidILL_BOOK</setSpec><setSpec>uge_dbu_RapidILL_BOOK</setSpec><setSpec>uge_cmu_RapidILL_BOOK</setSpec><setSpec>uge_mail_RapidILL_BOOK</setSpec><setSpec>uge_abbat_RapidILL_BOOK</setSpec><setSpec>UNIGE_ALL</setSpec><setSpec>uge_aobs_RapidILL_BOOK</setSpec><setSpec>uge_acar_RapidILL_BOOK</setSpec></header><metadata>
<record xmlns="http://www.loc.gov/MARC21/slim" xmlns:xsi="http://www.w3.org/2001/XMLSchema-instance" xsi:schemaLocation="http://www.loc.gov/MARC21/slim http://www.loc.gov/standards/marcxml/schema/MARC21slim.xsd"><leader>02018nam a2200445 c 4500</leader><controlfield tag="001">991000013469705502</controlfield><controlfield tag="005">20230407145151.0</controlfield><controlfield tag="008">001222s1985    fr ||||| |||| 00| ||fre d</controlfield><datafield ind1=" " ind2=" " tag="020"><subfield code="a">2130388264</subfield></datafield><datafield ind1="7" ind2=" " tag="024"><subfield code="a">http://catalogue.bnf.fr/ark:/12148/cb348418117</subfield><subfield code="2">uri</subfield></datafield><datafield ind1=" " ind2=" " tag="035"><subfield code="a">(swissbib)085266876-41slsp_network</subfield></datafield><datafield ind1=" " ind2=" " tag="035"><subfield code="a">085266876</subfield><subfield code="9">ExL</subfield></datafield><datafield ind1=" " ind2=" " tag="035"><subfield code="a">(RERO)1333128-41slsp</subfield></datafield><datafield ind1=" " ind2=" " tag="035"><subfield code="a">(EXLNZ-41SLSP_NETWORK)991104820209705501</subfield></datafield><datafield ind1=" " ind2=" " tag="040"><subfield code="a">RERO nebpun</subfield><subfield code="d">CH-ZuSLS</subfield></datafield><datafield ind1="1" ind2=" " tag="041"><subfield code="a">fre</subfield><subfield code="h">eng</subfield></datafield><datafield ind1=" " ind2="7" tag="072"><subfield code="a">ps</subfield><subfield code="2">rero</subfield></datafield><datafield ind1="1" ind2=" " tag="080"><subfield code="a">616.891</subfield></datafield><datafield ind1="0" ind2="0" tag="245"><subfield code="a">Enfants dans la tourmente, parents de demain</subfield><subfield code="c">publ. sous la dir. de E. James Anthony, Colette Chiland ; trad. de l'anglais par Marie-Christine Guérin-Jodin, revue par Colette Chiland</subfield></datafield><datafield ind1=" " ind2="1" tag="264"><subfield code="a">Paris</subfield><subfield code="b">Presses universitaires de France</subfield><subfield code="c">1985</subfield></datafield><datafield ind1=" " ind2=" " tag="300"><subfield code="a">386 p.</subfield><subfield code="b">ill.</subfield><subfield code="c">22 cm</subfield></datafield><datafield ind1=" " ind2=" " tag="336"><subfield code="b">txt</subfield><subfield code="2">rdacontent</subfield></datafield><datafield ind1=" " ind2=" " tag="337"><subfield code="b">n</subfield><subfield code="2">rdamedia</subfield></datafield><datafield ind1=" " ind2=" " tag="338"><subfield code="b">nc</subfield><subfield code="2">rdacarrier</subfield></datafield><datafield ind1="1" ind2=" " tag="490"><subfield code="a">L'enfant dans sa famille</subfield><subfield code="v">7</subfield></datafield><datafield ind1="1" ind2=" " tag="490"><subfield code="a">Livre annuel de l'Association internationale de psychiatrie de l'enfant et de l'adolescent et des professions associées</subfield><subfield code="v">7</subfield></datafield><datafield ind1="1" ind2=" " tag="490"><subfield code="a">Le fil rouge. Section 2, Psychanalyse et psychiatrie de l'enfant</subfield></datafield><datafield ind1=" " ind2=" " tag="500"><subfield code="a">Traduit de: Children in turmoil, tomorrow's parents</subfield></datafield><datafield ind1=" " ind2="7" tag="650"><subfield code="a">Psychiatrie</subfield><subfield code="0">(IDREF)027362116</subfield><subfield code="2">idref</subfield></datafield><datafield ind1=" " ind2="7" tag="650"><subfield code="a">Enfants maltraités</subfield><subfield code="0">(IDREF)027421716</subfield><subfield code="2">idref</subfield></datafield><datafield ind1=" " ind2="7" tag="650"><subfield code="a">Devenir (philosophie)</subfield><subfield code="0">(IDREF)034834931</subfield><subfield code="2">idref</subfield></datafield><datafield ind1=" " ind2="7" tag="650"><subfield code="a">Enfants</subfield><subfield code="0">(IDREF)027233278</subfield><subfield code="2">idref</subfield></datafield><datafield ind1=" " ind2="7" tag="650"><subfield code="a">Facteurs de risque</subfield><subfield code="0">(IDREF)027653072</subfield><subfield code="2">idref</subfield></datafield><datafield ind1=" " ind2="7" tag="650"><subfield code="a">Psychologie sociale</subfield><subfield code="0">(IDREF)027241661</subfield><subfield code="2">idref</subfield></datafield><datafield ind1=" " ind2="7" tag="655"><subfield code="a">[Études diverses]</subfield><subfield code="0">(RERO)A022249905</subfield><subfield code="2">rero</subfield></datafield><datafield ind1="1" ind2=" " tag="700"><subfield code="a">Anthony, E. James</subfield><subfield code="0">(RERO)A002932771</subfield></datafield><datafield ind1="1" ind2=" " tag="700"><subfield code="a">Guérin-Jodin, Marie-Christine</subfield><subfield code="0">(IDREF)090222733</subfield></datafield><datafield ind1=" " ind2="0" tag="830"><subfield code="a">&lt;&lt;L'&gt;&gt;enfant dans sa famille</subfield><subfield code="v">7</subfield></datafield><datafield ind1=" " ind2=" " tag="830"><subfield code="a">Livre annuel international de psychiatrie infantile et des professions associées</subfield><subfield code="v">7</subfield><subfield code="w">(RERO)1452442-41slsp</subfield></datafield><datafield ind1=" " ind2=" " tag="830"><subfield code="a">&lt;&lt;Le&gt;&gt; fil rouge</subfield><subfield code="p">2, Psychanalyse et psychiatrie de l'enfant</subfield><subfield code="w">(RERO)0012444-41slsp</subfield></datafield><datafield ind1=" " ind2=" " tag="900"><subfield code="a">REROnoselfmerge</subfield></datafield></record>
</metadata></record>