<record><header><identifier>oai:alma.41SLSP_UGE:991000013989705502</identifier><datestamp>2023-06-20T00:23:03Z</datestamp><setSpec>uge_bcen_RapidILL_BOOK</setSpec><setSpec>uge_aaca_RapidILL_BOOK</setSpec><setSpec>uge_abels_RapidILL_BOOK</setSpec><setSpec>uge_dbu_RapidILL_BOOK</setSpec><setSpec>uge_cmu_RapidILL_BOOK</setSpec><setSpec>uge_mail_RapidILL_BOOK</setSpec><setSpec>uge_abbat_RapidILL_BOOK</setSpec><setSpec>UNIGE_ALL</setSpec><setSpec>uge_acar_RapidILL_BOOK</setSpec><setSpec>uge_aobs_RapidILL_BOOK</setSpec></header><metadata>
<record xmlns="http://www.loc.gov/MARC21/slim" xmlns:xsi="http://www.w3.org/2001/XMLSchema-instance" xsi:schemaLocation="http://www.loc.gov/MARC21/slim http://www.loc.gov/standards/marcxml/schema/MARC21slim.xsd"><leader>03486nam a2200553 c 4500</leader><controlfield tag="001">991000013989705502</controlfield><controlfield tag="005">20230619202429.0</controlfield><controlfield tag="008">201012s2018    enk      b||| 001 0 eng| </controlfield><datafield ind1=" " ind2=" " tag="010"><subfield code="a">2017058257</subfield></datafield><datafield ind1=" " ind2=" " tag="020"><subfield code="a">1107058341</subfield></datafield><datafield ind1=" " ind2=" " tag="020"><subfield code="a">9781107058347</subfield><subfield code="q">hardback</subfield></datafield><datafield ind1="7" ind2=" " tag="024"><subfield code="a">http://catalogue.bnf.fr/ark:/12148/cb45599809c</subfield><subfield code="2">uri</subfield></datafield><datafield ind1=" " ind2=" " tag="035"><subfield code="a">(swissbib)238941191-41slsp_network</subfield></datafield><datafield ind1=" " ind2=" " tag="035"><subfield code="a">238941191</subfield><subfield code="9">ExL</subfield></datafield><datafield ind1=" " ind2=" " tag="035"><subfield code="a">(NEBIS)011131473EBI01</subfield></datafield><datafield ind1=" " ind2=" " tag="035"><subfield code="a">(RERO)R008796106-41slsp</subfield></datafield><datafield ind1=" " ind2=" " tag="035"><subfield code="a">(IDSBB)006790979DSV01</subfield></datafield><datafield ind1=" " ind2=" " tag="035"><subfield code="a">(OCoLC)1004913394</subfield></datafield><datafield ind1=" " ind2=" " tag="035"><subfield code="a">(EXLNZ-41SLSP_NETWORK)991084928229705501</subfield></datafield><datafield ind1=" " ind2=" " tag="040"><subfield code="a">DLC</subfield><subfield code="b">ger</subfield><subfield code="e">rda</subfield><subfield code="d">CH-ZuSLS</subfield></datafield><datafield ind1=" " ind2=" " tag="042"><subfield code="a">pcc</subfield></datafield><datafield ind1="0" ind2="0" tag="050"><subfield code="a">PA6374</subfield><subfield code="b">.C66 2018</subfield></datafield><datafield ind1=" " ind2="7" tag="072"><subfield code="a">la</subfield><subfield code="2">rero</subfield></datafield><datafield ind1="1" ind2=" " tag="080"><subfield code="a">871CLAU8</subfield></datafield><datafield ind1="0" ind2="0" tag="082"><subfield code="a">871/.01</subfield><subfield code="2">23</subfield></datafield><datafield ind1="1" ind2="4" tag="082"><subfield code="a">870</subfield><subfield code="2">15</subfield></datafield><datafield ind1=" " ind2=" " tag="084"><subfield code="a">FX 335305</subfield><subfield code="2">rvk</subfield></datafield><datafield ind1="1" ind2=" " tag="100"><subfield code="a">Coombe, Clare</subfield><subfield code="d">1986-</subfield><subfield code="0">(DE-588)106279186X</subfield><subfield code="4">aut</subfield><subfield code="6">880-01</subfield></datafield><datafield ind1="1" ind2=" " tag="880"><subfield code="6">100-01</subfield><subfield code="a">Coombe, Clare</subfield><subfield code="0">(IDREF)229568785</subfield><subfield code="4">aut</subfield></datafield><datafield ind1="1" ind2="0" tag="245"><subfield code="a">Claudian the poet</subfield><subfield code="c">Clare Coombe</subfield></datafield><datafield ind1=" " ind2="1" tag="264"><subfield code="a">Cambridge, United Kingdom</subfield><subfield code="b">Cambridge University Press</subfield><subfield code="c">2018</subfield></datafield><datafield ind1=" " ind2=" " tag="300"><subfield code="a">xii, 242 Seiten</subfield></datafield><datafield ind1=" " ind2=" " tag="336"><subfield code="b">txt</subfield><subfield code="2">rdacontent</subfield></datafield><datafield ind1=" " ind2=" " tag="337"><subfield code="b">n</subfield><subfield code="2">rdamedia</subfield></datafield><datafield ind1=" " ind2=" " tag="338"><subfield code="b">nc</subfield><subfield code="2">rdacarrier</subfield></datafield><datafield ind1=" " ind2=" " tag="504"><subfield code="a">Includes bibliographical references and index</subfield></datafield><datafield ind1="0" ind2=" " tag="505"><subfield code="a">Machine generated contents note: Introduction ; 1. In Rufinum: heroes, monsters, and the universe in the balance ; 2. The universe ready to be destabilized (IV Cons., Stil., Rapt., Epith.) ; 3. Monsters ready to destabilize the universe (c.m.53, Gig.Gr., Rapt., Eut., VI Cons., Get.) ; 4. The hero keeping the universe stable and restoring the Golden Age (Stil., c.m.27, Get.) ; 5. Not quite the hero (IV Cons., Fesc., Epith.) ; 6. The deceitful poet (Rapt., Epith., Get., VI Cons., Eut.) ; Conclusion</subfield></datafield><datafield ind1="8" ind2=" " tag="520"><subfield code="a">&quot;This comprehensive reassessment of the carmina maiora of the fourth-century poet Claudian contributes to the growing trend to recognize that Late Antique poets should be approached as just that: poets. Its methodology is developed from that of Michael Roberts' seminal The Jeweled Style. It analyzes Claudian's poetics and use of story telling to argue that the creation of a story world in which Stilicho, his patron, becomes an epic hero, and the barbarians are giants threatening both the borders of Rome and the order of the very universe is designed to convince his audience of a world-view in which it is only the Roman general who stands between them and cosmic chaos. The book also argues that Claudian uses the same techniques to promote the message that Honorius, young hero though he may seem, is not yet fit to rule, and that Stilicho's rightful position remains as his regent&quot;</subfield></datafield><datafield ind1="1" ind2="0" tag="600"><subfield code="a">Claudianus, Claudius</subfield><subfield code="x">Criticism and interpretation</subfield></datafield><datafield ind1="0" ind2="7" tag="600"><subfield code="a">Claudien</subfield><subfield code="d">0370?-0404?</subfield><subfield code="0">(IDREF)02800227X</subfield><subfield code="2">idref</subfield></datafield><datafield ind1="0" ind2="7" tag="600"><subfield code="a">Claudien.</subfield><subfield code="t">Carmina minora</subfield><subfield code="0">(RERO)A010222988</subfield><subfield code="2">rero</subfield></datafield><datafield ind1="1" ind2="7" tag="600"><subfield code="a">Claudianus, Claudius</subfield><subfield code="d">370-408</subfield><subfield code="t">Carmina maiora</subfield><subfield code="0">(DE-588)4358249-7</subfield><subfield code="2">gnd</subfield></datafield><datafield ind1="1" ind2="7" tag="600"><subfield code="a">Claudianus, Claudius</subfield><subfield code="d">370-408</subfield><subfield code="0">(DE-588)118521055</subfield><subfield code="2">gnd</subfield></datafield><datafield ind1="1" ind2="7" tag="600"><subfield code="a">Claudianus, Claudius</subfield><subfield code="2">fast</subfield></datafield><datafield ind1=" " ind2="7" tag="650"><subfield code="a">Poésie</subfield><subfield code="0">(IDREF)027247465</subfield><subfield code="2">idref</subfield></datafield><datafield ind1=" " ind2="7" tag="655"><subfield code="a">Thèses et écrits académiques</subfield><subfield code="0">(IDREF)027253139</subfield><subfield code="2">idref</subfield></datafield><datafield ind1=" " ind2="7" tag="655"><subfield code="a">Criticism, interpretation, etc</subfield><subfield code="2">fast</subfield></datafield><datafield ind1="4" ind2=" " tag="856"><subfield code="3">Titelblatt und Inhaltsverzeichnis</subfield><subfield code="u">https://toc.library.ethz.ch/objects/pdf03/z01_978-1-107-05834-7_01.pdf</subfield><subfield code="q">pdf</subfield></datafield><datafield ind1=" " ind2=" " tag="900"><subfield code="a">IDSZ2zbzmon201805f</subfield><subfield code="c">IDSZ2tres</subfield><subfield code="d">IDSZ2zbzswk201806g</subfield><subfield code="e">IDSZ2seid</subfield></datafield><datafield ind1=" " ind2=" " tag="949"><subfield code="a">https://toc.library.ethz.ch/objects/pdf03/z01_978-1-107-05834-7_01.pdf</subfield></datafield></record>
</metadata></record>