<record><header><identifier>oai:alma.41SLSP_UGE:991000014219705502</identifier><datestamp>2024-05-20T00:22:00Z</datestamp><setSpec>uge_bcen_RapidILL_BOOK</setSpec><setSpec>uge_aaca_RapidILL_BOOK</setSpec><setSpec>uge_abels_RapidILL_BOOK</setSpec><setSpec>uge_dbu_RapidILL_BOOK</setSpec><setSpec>uge_cmu_RapidILL_BOOK</setSpec><setSpec>uge_mail_RapidILL_BOOK</setSpec><setSpec>uge_abbat_RapidILL_BOOK</setSpec><setSpec>UNIGE_ALL</setSpec><setSpec>uge_aobs_RapidILL_BOOK</setSpec><setSpec>uge_acar_RapidILL_BOOK</setSpec></header><metadata>
<record xmlns="http://www.loc.gov/MARC21/slim" xmlns:xsi="http://www.w3.org/2001/XMLSchema-instance" xsi:schemaLocation="http://www.loc.gov/MARC21/slim http://www.loc.gov/standards/marcxml/schema/MARC21slim.xsd"><leader>01981nam a2200445 ca4500</leader><controlfield tag="001">991000014219705502</controlfield><controlfield tag="005">20240314215929.0</controlfield><controlfield tag="008">960525m19602010gw ||||| |||| 00| ||lat d</controlfield><datafield ind1=" " ind2=" " tag="019"><subfield code="a">Übergeordnete Aufnahme = Niveau supérieur = Livello superiore</subfield><subfield code="5">SLSP/2020</subfield></datafield><datafield ind1=" " ind2=" " tag="020"><subfield code="a">9783110056334</subfield><subfield code="q">Vol. 1 : repr. 2010</subfield></datafield><datafield ind1=" " ind2=" " tag="020"><subfield code="a">9783110056341</subfield><subfield code="q">Vol. 2 : repr. 2010</subfield></datafield><datafield ind1=" " ind2=" " tag="035"><subfield code="a">(swissbib)077518071-41slsp_network</subfield></datafield><datafield ind1=" " ind2=" " tag="035"><subfield code="a">077518071</subfield><subfield code="9">ExL</subfield></datafield><datafield ind1=" " ind2=" " tag="035"><subfield code="a">(RERO)0185466-41slsp</subfield></datafield><datafield ind1=" " ind2=" " tag="035"><subfield code="a">(EXLNZ-41SLSP_NETWORK)991116139069705501</subfield></datafield><datafield ind1=" " ind2=" " tag="040"><subfield code="a">RERO</subfield><subfield code="d">CH-ZuSLS</subfield></datafield><datafield ind1="0" ind2=" " tag="041"><subfield code="a">lat</subfield><subfield code="a">grc</subfield></datafield><datafield ind1=" " ind2="7" tag="072"><subfield code="a">gr</subfield><subfield code="2">rero</subfield></datafield><datafield ind1=" " ind2="7" tag="072"><subfield code="a">ph</subfield><subfield code="2">rero</subfield></datafield><datafield ind1="7" ind2="4" tag="082"><subfield code="a">930</subfield><subfield code="2">23sdnb</subfield></datafield><datafield ind1="7" ind2="4" tag="082"><subfield code="a">100</subfield><subfield code="2">23sdnb</subfield></datafield><datafield ind1="0" ind2=" " tag="100"><subfield code="a">Aristote</subfield><subfield code="c">philosophe</subfield><subfield code="d">0384-0322 av. J.-C.</subfield><subfield code="0">(IDREF)026690276</subfield><subfield code="4">cre</subfield></datafield><datafield ind1="1" ind2="0" tag="245"><subfield code="a">Aristotelis Opera</subfield><subfield code="c">ex recensione Immanuelis Bekkeri</subfield></datafield><datafield ind1=" " ind2=" " tag="250"><subfield code="a">Editio altera</subfield><subfield code="b">addendis instruxit fragmentorum collectionem retractavit Olof Gigon</subfield></datafield><datafield ind1=" " ind2="1" tag="264"><subfield code="a">Berolini</subfield><subfield code="a">Novi Eboraci</subfield><subfield code="b">W. de Gruyter</subfield><subfield code="c">1960-2010</subfield></datafield><datafield ind1=" " ind2=" " tag="300"><subfield code="a">5 volumes</subfield><subfield code="c">29 cm</subfield></datafield><datafield ind1=" " ind2=" " tag="336"><subfield code="b">txt</subfield><subfield code="2">rdacontent</subfield></datafield><datafield ind1=" " ind2=" " tag="337"><subfield code="b">n</subfield><subfield code="2">rdamedia</subfield></datafield><datafield ind1=" " ind2=" " tag="338"><subfield code="b">nc</subfield><subfield code="2">rdacarrier</subfield></datafield><datafield ind1=" " ind2=" " tag="500"><subfield code="a">La description comprend aussi des réimpressions sans modifications parues ultérieurement</subfield></datafield><datafield ind1="0" ind2=" " tag="505"><subfield code="g">Vol. 1</subfield><subfield code="t">Aristotelis opera, volumen primum</subfield></datafield><datafield ind1="0" ind2=" " tag="505"><subfield code="g">Vol. 2</subfield><subfield code="t">Aristotelis opera, volumen alterum</subfield></datafield><datafield ind1="0" ind2=" " tag="505"><subfield code="g">Vol. 3</subfield><subfield code="t">Librorum deperditorum fragmenta</subfield><subfield code="r">collegit et annotationibus instruxit Olof Gigon</subfield></datafield><datafield ind1="0" ind2=" " tag="505"><subfield code="g">Vol. 4</subfield><subfield code="t">Scholia in Aristotelem</subfield><subfield code="r">collegit Christianus A. Brandis ; Supplementum scholiorum Syriani in metaphysica commentaria</subfield><subfield code="r">edidit Hermannus Usener ; accedit Vita Marciana</subfield></datafield><datafield ind1="0" ind2=" " tag="505"><subfield code="g">Vol. 5</subfield><subfield code="t">Index Aristotelicum</subfield><subfield code="r">edidit Hermannus Bonitz</subfield></datafield><datafield ind1="1" ind2=" " tag="700"><subfield code="a">Bekker, Immanuel</subfield><subfield code="d">1785-1871</subfield><subfield code="0">(IDREF)033287759</subfield></datafield><datafield ind1="1" ind2=" " tag="700"><subfield code="a">Gigon, Olof</subfield><subfield code="d">1912-1998</subfield><subfield code="0">(IDREF)029316812</subfield></datafield><datafield ind1="1" ind2=" " tag="700"><subfield code="a">Brandis, Christian August</subfield><subfield code="d">1790-1867</subfield><subfield code="0">(IDREF)032439628</subfield></datafield><datafield ind1="1" ind2=" " tag="700"><subfield code="a">Usener, Hermann</subfield><subfield code="d">1834-1905</subfield><subfield code="0">(IDREF)028892585</subfield></datafield><datafield ind1="1" ind2=" " tag="700"><subfield code="a">Bonitz, Hermann</subfield><subfield code="d">1814-1888</subfield><subfield code="0">(IDREF)032352603</subfield><subfield code="4">edt</subfield></datafield><datafield ind1=" " ind2=" " tag="900"><subfield code="a">REROnoselfmerge</subfield></datafield></record>
</metadata></record>