<record><header><identifier>oai:alma.41SLSP_UGE:991000013699705502</identifier><datestamp>2023-03-01T01:08:59Z</datestamp><setSpec>uge_bcen_RapidILL_BOOK</setSpec><setSpec>uge_aaca_RapidILL_BOOK</setSpec><setSpec>uge_abels_RapidILL_BOOK</setSpec><setSpec>uge_dbu_RapidILL_BOOK</setSpec><setSpec>uge_cmu_RapidILL_BOOK</setSpec><setSpec>uge_mail_RapidILL_BOOK</setSpec><setSpec>UNIGE_ALL</setSpec><setSpec>uge_abbat_RapidILL_BOOK</setSpec><setSpec>uge_aobs_RapidILL_BOOK</setSpec><setSpec>uge_acar_RapidILL_BOOK</setSpec></header><metadata>
<record xmlns="http://www.loc.gov/MARC21/slim" xmlns:xsi="http://www.w3.org/2001/XMLSchema-instance" xsi:schemaLocation="http://www.loc.gov/MARC21/slim http://www.loc.gov/standards/marcxml/schema/MARC21slim.xsd"><leader>01470nam a22003732c 4500</leader><controlfield tag="001">991000013699705502</controlfield><controlfield tag="005">20201230231315.0</controlfield><controlfield tag="008">201011s1926    fr ||||| |||| 00| ||fre d</controlfield><datafield ind1=" " ind2=" " tag="010"><subfield code="a">27001190</subfield></datafield><datafield ind1="7" ind2=" " tag="016"><subfield code="a">FRBNF319114770000005</subfield><subfield code="2">FrPBN</subfield></datafield><datafield ind1=" " ind2=" " tag="035"><subfield code="a">(swissbib)226541460-41slsp_network</subfield></datafield><datafield ind1=" " ind2=" " tag="035"><subfield code="a">226541460</subfield><subfield code="9">ExL</subfield></datafield><datafield ind1=" " ind2=" " tag="035"><subfield code="a">(RERO)R003060591-41slsp</subfield></datafield><datafield ind1=" " ind2=" " tag="035"><subfield code="a">(IDSBB)006290875DSV01</subfield></datafield><datafield ind1=" " ind2=" " tag="035"><subfield code="a">(OCoLC)299584601</subfield><subfield code="z">(OCoLC)459105311</subfield></datafield><datafield ind1=" " ind2=" " tag="035"><subfield code="a">(EXLNZ-41SLSP_NETWORK)991111097429705501</subfield></datafield><datafield ind1=" " ind2=" " tag="040"><subfield code="a">RERO gevbpu</subfield><subfield code="d">CH-ZuSLS</subfield></datafield><datafield ind1=" " ind2=" " tag="050"><subfield code="a">PA6825</subfield><subfield code="b">C37</subfield></datafield><datafield ind1=" " ind2="7" tag="072"><subfield code="a">la</subfield><subfield code="2">rero</subfield></datafield><datafield ind1=" " ind2="7" tag="072"><subfield code="a">kp</subfield><subfield code="2">SzZuIDS BS/BE</subfield></datafield><datafield ind1="1" ind2=" " tag="100"><subfield code="a">Cartault, Augustin</subfield><subfield code="d">1847-1922</subfield><subfield code="0">(IDREF)03313457X</subfield><subfield code="4">cre</subfield></datafield><datafield ind1="1" ind2="0" tag="245"><subfield code="a">&lt;&lt;L'&gt;&gt;art de Virgile dans l'Énéide</subfield><subfield code="c">par A. Cartault</subfield></datafield><datafield ind1=" " ind2="1" tag="264"><subfield code="a">Paris</subfield><subfield code="b">Presses universitaires de France</subfield><subfield code="c">1926</subfield></datafield><datafield ind1=" " ind2=" " tag="300"><subfield code="a">2 vol.</subfield><subfield code="c">25 cm</subfield></datafield><datafield ind1=" " ind2=" " tag="336"><subfield code="b">txt</subfield><subfield code="2">rdacontent</subfield></datafield><datafield ind1=" " ind2=" " tag="337"><subfield code="b">n</subfield><subfield code="2">rdamedia</subfield></datafield><datafield ind1=" " ind2=" " tag="338"><subfield code="b">nc</subfield><subfield code="2">rdacarrier</subfield></datafield><datafield ind1="1" ind2=" " tag="490"><subfield code="a">Bibliothèque de la Faculté des lettres, Université de Paris</subfield><subfield code="v">sér. 2, 4-5</subfield></datafield><datafield ind1="0" ind2="6" tag="600"><subfield code="a">Virgile</subfield></datafield><datafield ind1="0" ind2="7" tag="600"><subfield code="a">Virgile (0070-0019 av. J.-C.)</subfield><subfield code="t">Énéide</subfield><subfield code="2">ram</subfield></datafield><datafield ind1="0" ind2="7" tag="600"><subfield code="a">Virgile</subfield><subfield code="d">0070-0019 av. J.-C.</subfield><subfield code="x">Critique et interprétation</subfield><subfield code="2">ram</subfield></datafield><datafield ind1=" " ind2=" " tag="830"><subfield code="a">Bibliothèque de la Faculté des lettres de l'Université de Paris</subfield><subfield code="n">Série 2</subfield><subfield code="v">4/5</subfield><subfield code="w">(IDSBB)004249533DSV01</subfield></datafield><datafield ind1=" " ind2=" " tag="830"><subfield code="a">Bibliothèque de la Faculté des lettres de l'Université de Paris</subfield><subfield code="v">n.s. 4-5</subfield><subfield code="w">(RERO)0430028-41slsp</subfield></datafield><datafield ind1=" " ind2=" " tag="900"><subfield code="a">REROnoselfmerge</subfield></datafield><datafield ind1=" " ind2=" " tag="911"><subfield code="a">100</subfield><subfield code="a">Cartault, Augustin Georges Charles</subfield><subfield code="d">1847-1922</subfield></datafield></record>
</metadata></record>