<record><header><identifier>oai:alma.41SLSP_UGE:991000014109705502</identifier><datestamp>2024-10-20T00:09:18Z</datestamp><setSpec>uge_bcen_RapidILL_BOOK</setSpec><setSpec>uge_aaca_RapidILL_BOOK</setSpec><setSpec>uge_abels_RapidILL_BOOK</setSpec><setSpec>uge_dbu_RapidILL_BOOK</setSpec><setSpec>uge_cmu_RapidILL_BOOK</setSpec><setSpec>uge_mail_RapidILL_BOOK</setSpec><setSpec>uge_abbat_RapidILL_BOOK</setSpec><setSpec>UNIGE_ALL</setSpec><setSpec>uge_acar_RapidILL_BOOK</setSpec><setSpec>uge_aobs_RapidILL_BOOK</setSpec></header><metadata>
<record xmlns="http://www.loc.gov/MARC21/slim" xmlns:xsi="http://www.w3.org/2001/XMLSchema-instance" xsi:schemaLocation="http://www.loc.gov/MARC21/slim http://www.loc.gov/standards/marcxml/schema/MARC21slim.xsd"><leader>02540nam a2200685 c 4500</leader><controlfield tag="001">991000014109705502</controlfield><controlfield tag="005">20230724095818.0</controlfield><controlfield tag="008">201011s1998    it ||||| |||| 00| ||eng d</controlfield><datafield ind1=" " ind2=" " tag="020"><subfield code="a">8882650170</subfield></datafield><datafield ind1=" " ind2=" " tag="035"><subfield code="a">(swissbib)224994395-41slsp_network</subfield></datafield><datafield ind1=" " ind2=" " tag="035"><subfield code="a">224994395</subfield><subfield code="9">ExL</subfield></datafield><datafield ind1=" " ind2=" " tag="035"><subfield code="a">(RERO)R253072460-41slsp</subfield></datafield><datafield ind1=" " ind2=" " tag="035"><subfield code="a">(IDSBB)001592882DSV01</subfield></datafield><datafield ind1=" " ind2=" " tag="035"><subfield code="a">(NEBIS)002009040EBI01</subfield></datafield><datafield ind1=" " ind2=" " tag="035"><subfield code="a">(EXLNZ-41SLSP_NETWORK)991098041639705501</subfield></datafield><datafield ind1=" " ind2=" " tag="040"><subfield code="a">RERO geussa</subfield><subfield code="d">CH-ZuSLS</subfield></datafield><datafield ind1=" " ind2="7" tag="072"><subfield code="a">ar</subfield><subfield code="2">rero</subfield></datafield><datafield ind1=" " ind2="7" tag="072"><subfield code="a">ar</subfield><subfield code="2">SzZuIDS BS/BE</subfield></datafield><datafield ind1="0" ind2="4" tag="082"><subfield code="a">939</subfield></datafield><datafield ind1="0" ind2="4" tag="082"><subfield code="a">939.7</subfield></datafield><datafield ind1="1" ind2="4" tag="082"><subfield code="a">966.01</subfield><subfield code="2">22</subfield></datafield><datafield ind1="1" ind2="4" tag="082"><subfield code="a">930</subfield><subfield code="2">15</subfield></datafield><datafield ind1=" " ind2=" " tag="084"><subfield code="a">LE 5350</subfield><subfield code="2">rvk</subfield></datafield><datafield ind1=" " ind2=" " tag="084"><subfield code="a">NF 8470</subfield><subfield code="2">rvk</subfield></datafield><datafield ind1="1" ind2=" " tag="100"><subfield code="a">Barich, Barbara E.</subfield><subfield code="d">19..-....</subfield><subfield code="0">(IDREF)029737877</subfield><subfield code="4">cre</subfield></datafield><datafield ind1="1" ind2="0" tag="245"><subfield code="a">People, water and grain</subfield><subfield code="b">the beginnings of domestication in the Sahara and the Nile Valley</subfield><subfield code="c">Barbara E. Barich</subfield></datafield><datafield ind1=" " ind2="1" tag="264"><subfield code="a">Roma</subfield><subfield code="b">&quot;L'ERMA&quot; di Bretschneider</subfield><subfield code="c">1998</subfield></datafield><datafield ind1=" " ind2=" " tag="300"><subfield code="a">155 p.</subfield><subfield code="b">ill.</subfield><subfield code="c">25 cm</subfield></datafield><datafield ind1=" " ind2=" " tag="336"><subfield code="b">txt</subfield><subfield code="2">rdacontent</subfield></datafield><datafield ind1=" " ind2=" " tag="337"><subfield code="b">n</subfield><subfield code="2">rdamedia</subfield></datafield><datafield ind1=" " ind2=" " tag="338"><subfield code="b">nc</subfield><subfield code="2">rdacarrier</subfield></datafield><datafield ind1="1" ind2=" " tag="490"><subfield code="a">Studia archaeologica</subfield><subfield code="v">98</subfield></datafield><datafield ind1=" " ind2=" " tag="504"><subfield code="a">Literaturverz.</subfield></datafield><datafield ind1=" " ind2="7" tag="648"><subfield code="a">Geschichte Anfänge-5000 v. Chr</subfield><subfield code="2">gnd</subfield></datafield><datafield ind1=" " ind2="7" tag="648"><subfield code="a">Geschichte</subfield><subfield code="2">idszbz</subfield></datafield><datafield ind1=" " ind2="7" tag="648"><subfield code="a">Geschichte Anfänge-5000 v.Chr</subfield><subfield code="2">idszbz</subfield></datafield><datafield ind1=" " ind2="7" tag="650"><subfield code="a">Société</subfield><subfield code="0">(IDREF)269230165</subfield><subfield code="2">idref</subfield></datafield><datafield ind1=" " ind2="7" tag="650"><subfield code="a">10e millénaire av. J.-C.-7e millénaire av. J.-C.</subfield><subfield code="0">(RERO)A027021379</subfield><subfield code="2">rero</subfield></datafield><datafield ind1=" " ind2="7" tag="650"><subfield code="a">Archéologie</subfield><subfield code="0">(IDREF)02726971X</subfield><subfield code="2">idref</subfield></datafield><datafield ind1=" " ind2="7" tag="650"><subfield code="a">Archäologie</subfield><subfield code="z">Nordafrika</subfield><subfield code="2">idsbb</subfield></datafield><datafield ind1=" " ind2="7" tag="650"><subfield code="a">Zivilisation</subfield><subfield code="z">Nordafrika</subfield><subfield code="2">idsbb</subfield></datafield><datafield ind1=" " ind2="7" tag="650"><subfield code="a">Bodennutzung</subfield><subfield code="2">idszbz</subfield></datafield><datafield ind1=" " ind2="7" tag="650"><subfield code="a">Bodennutzung</subfield><subfield code="0">(DE-588)4007389-0</subfield><subfield code="2">gnd</subfield></datafield><datafield ind1=" " ind2="7" tag="650"><subfield code="a">Archäologie</subfield><subfield code="0">(DE-588)4002827-6</subfield><subfield code="2">gnd</subfield></datafield><datafield ind1=" " ind2="0" tag="650"><subfield code="a">Agriculture, Prehistoric</subfield><subfield code="z">Nile River Valley</subfield></datafield><datafield ind1=" " ind2="0" tag="650"><subfield code="a">Agriculture, Prehistoric</subfield><subfield code="z">Sahara</subfield></datafield><datafield ind1=" " ind2="0" tag="650"><subfield code="a">Hunting and gathering societies</subfield><subfield code="z">Nile River Valley</subfield></datafield><datafield ind1=" " ind2="0" tag="650"><subfield code="a">Hunting and gathering societies</subfield><subfield code="z">Sahara</subfield></datafield><datafield ind1=" " ind2="0" tag="650"><subfield code="a">Prehistoric peoples</subfield><subfield code="x">Food</subfield><subfield code="z">Nile River Valley</subfield></datafield><datafield ind1=" " ind2="0" tag="650"><subfield code="a">Prehistoric peoples</subfield><subfield code="x">Food</subfield><subfield code="z">Sahara</subfield></datafield><datafield ind1=" " ind2="7" tag="651"><subfield code="a">Nil, Vallée du</subfield><subfield code="0">(IDREF)027298744</subfield><subfield code="2">idref</subfield></datafield><datafield ind1=" " ind2="7" tag="651"><subfield code="a">Sahara</subfield><subfield code="0">(IDREF)027252582</subfield><subfield code="2">idref</subfield></datafield><datafield ind1=" " ind2="7" tag="651"><subfield code="a">Nil</subfield><subfield code="2">idszbz</subfield></datafield><datafield ind1=" " ind2="7" tag="651"><subfield code="a">Sahara</subfield><subfield code="2">idszbz</subfield></datafield><datafield ind1=" " ind2="7" tag="651"><subfield code="a">Nil</subfield><subfield code="0">(DE-588)4042339-6</subfield><subfield code="2">gnd</subfield></datafield><datafield ind1=" " ind2="7" tag="651"><subfield code="a">Sahara</subfield><subfield code="0">(DE-588)4051293-9</subfield><subfield code="2">gnd</subfield></datafield><datafield ind1=" " ind2="0" tag="651"><subfield code="a">Nile River Valley</subfield><subfield code="x">Antiquities</subfield></datafield><datafield ind1=" " ind2="0" tag="651"><subfield code="a">Sahara</subfield><subfield code="x">Antiquities</subfield></datafield><datafield ind1=" " ind2="0" tag="830"><subfield code="a">Studia archaeologica</subfield><subfield code="v">98</subfield><subfield code="w">(NEBIS)000988668EBI01</subfield></datafield><datafield ind1=" " ind2="0" tag="830"><subfield code="a">Studia Archaeologica</subfield><subfield code="p">Erma di Bretschneider</subfield><subfield code="v">98</subfield><subfield code="w">(RERO)0010646-41slsp</subfield></datafield><datafield ind1=" " ind2="0" tag="830"><subfield code="a">Studia archaeologica</subfield><subfield code="v">98</subfield><subfield code="w">(IDSBB)000026299DSV01</subfield></datafield></record>
</metadata></record>