<record><header><identifier>oai:alma.41SLSP_UGE:991000013899705502</identifier><datestamp>2024-07-27T00:48:01Z</datestamp><setSpec>uge_bcen_RapidILL_BOOK</setSpec><setSpec>uge_aaca_RapidILL_BOOK</setSpec><setSpec>uge_abels_RapidILL_BOOK</setSpec><setSpec>uge_dbu_RapidILL_BOOK</setSpec><setSpec>uge_cmu_RapidILL_BOOK</setSpec><setSpec>uge_mail_RapidILL_BOOK</setSpec><setSpec>uge_abbat_RapidILL_BOOK</setSpec><setSpec>UNIGE_ALL</setSpec><setSpec>uge_acar_RapidILL_BOOK</setSpec><setSpec>uge_aobs_RapidILL_BOOK</setSpec></header><metadata>
<record xmlns="http://www.loc.gov/MARC21/slim" xmlns:xsi="http://www.w3.org/2001/XMLSchema-instance" xsi:schemaLocation="http://www.loc.gov/MARC21/slim http://www.loc.gov/standards/marcxml/schema/MARC21slim.xsd"><leader>04409nam a2200721 c 4500</leader><controlfield tag="001">991000013899705502</controlfield><controlfield tag="005">20240726173051.0</controlfield><controlfield tag="008">201012s2013    sp ||||| |||| 00| ||spa d</controlfield><datafield ind1=" " ind2=" " tag="020"><subfield code="a">9783865277862</subfield><subfield code="q">Vervuert</subfield></datafield><datafield ind1=" " ind2=" " tag="020"><subfield code="a">9788484897378</subfield><subfield code="q">Iberoamericana</subfield></datafield><datafield ind1=" " ind2=" " tag="035"><subfield code="a">(swissbib)240515749-41slsp_network</subfield></datafield><datafield ind1=" " ind2=" " tag="035"><subfield code="a">240515749</subfield><subfield code="9">ExL</subfield></datafield><datafield ind1=" " ind2=" " tag="035"><subfield code="a">(RERO)R007556467-41slsp</subfield></datafield><datafield ind1=" " ind2=" " tag="035"><subfield code="a">(IDSBB)006159138DSV01</subfield></datafield><datafield ind1=" " ind2=" " tag="035"><subfield code="a">(IDSSG)000584464HSB01</subfield></datafield><datafield ind1=" " ind2=" " tag="035"><subfield code="a">(NEBIS)009907095EBI01</subfield></datafield><datafield ind1=" " ind2=" " tag="035"><subfield code="a">(OCoLC)852655908</subfield></datafield><datafield ind1=" " ind2=" " tag="035"><subfield code="a">(EXLNZ-41SLSP_NETWORK)991057720299705501</subfield></datafield><datafield ind1=" " ind2=" " tag="040"><subfield code="a">SpMaBN</subfield><subfield code="d">CH-ZuSLS</subfield></datafield><datafield ind1=" " ind2="7" tag="072"><subfield code="a">es</subfield><subfield code="2">rero</subfield></datafield><datafield ind1=" " ind2="7" tag="072"><subfield code="a">es</subfield><subfield code="2">SzZuIDS BS/BE</subfield></datafield><datafield ind1=" " ind2=" " tag="080"><subfield code="a">821.134.2(7/8).09</subfield></datafield><datafield ind1="1" ind2=" " tag="080"><subfield code="a">860(8)&quot;19&quot;(72)(091)(082)</subfield></datafield><datafield ind1=" " ind2=" " tag="084"><subfield code="a">IQ 00190</subfield><subfield code="2">rvk</subfield></datafield><datafield ind1="1" ind2=" " tag="100"><subfield code="a">Gewecke, Frauke</subfield><subfield code="d">1943-2012</subfield><subfield code="0">(IDREF)029061067</subfield><subfield code="4">aut</subfield></datafield><datafield ind1="1" ind2="0" tag="245"><subfield code="a">De islas, puentes y fronteras</subfield><subfield code="b">estudios sobre las literaturas del Caribe, de la frontera norte de México y de los latinos en EE.UU.</subfield><subfield code="c">Frauke Gewecke ; edición a cargo de Andrea Pagni</subfield></datafield><datafield ind1=" " ind2="1" tag="264"><subfield code="a">Madrid</subfield><subfield code="b">Iberoamericana</subfield><subfield code="a">Frankfurt am Main</subfield><subfield code="b">Vervuert</subfield><subfield code="c">2013</subfield></datafield><datafield ind1=" " ind2=" " tag="300"><subfield code="a">470 p.</subfield><subfield code="b">1 retr.</subfield><subfield code="c">23 cm</subfield></datafield><datafield ind1=" " ind2=" " tag="336"><subfield code="b">txt</subfield><subfield code="2">rdacontent</subfield></datafield><datafield ind1=" " ind2=" " tag="337"><subfield code="b">n</subfield><subfield code="2">rdamedia</subfield></datafield><datafield ind1=" " ind2=" " tag="338"><subfield code="b">nc</subfield><subfield code="2">rdacarrier</subfield></datafield><datafield ind1="1" ind2=" " tag="490"><subfield code="a">Bibliotheca Ibero-americana</subfield><subfield code="x">0067-8015</subfield><subfield code="v">v. 152</subfield></datafield><datafield ind1=" " ind2=" " tag="504"><subfield code="a">Incluye referencias bibliográficas</subfield></datafield><datafield ind1=" " ind2="7" tag="650"><subfield code="a">Littérature caribéenne</subfield><subfield code="0">(IDREF)083972889</subfield><subfield code="2">idref</subfield></datafield><datafield ind1=" " ind2="7" tag="650"><subfield code="a">Littérature mexicaine</subfield><subfield code="0">(IDREF)028284283</subfield><subfield code="2">idref</subfield></datafield><datafield ind1=" " ind2="7" tag="650"><subfield code="a">Littérature mexicaine-américaine</subfield><subfield code="0">(IDREF)027734765</subfield><subfield code="2">idref</subfield></datafield><datafield ind1=" " ind2="7" tag="650"><subfield code="a">Littérature américaine de langue espagnole</subfield><subfield code="0">(IDREF)027734757</subfield><subfield code="2">idref</subfield></datafield><datafield ind1=" " ind2="7" tag="650"><subfield code="a">20e siècle-21e siècle (début)</subfield><subfield code="0">(RERO)A022440359</subfield><subfield code="2">rero</subfield></datafield><datafield ind1=" " ind2="7" tag="650"><subfield code="a">Spanisch</subfield><subfield code="0">(DE-588)4077640-2</subfield><subfield code="2">gnd</subfield></datafield><datafield ind1=" " ind2="7" tag="650"><subfield code="a">Hispanos</subfield><subfield code="0">(DE-588)4240086-7</subfield><subfield code="2">gnd</subfield></datafield><datafield ind1=" " ind2="7" tag="650"><subfield code="a">Literatur</subfield><subfield code="0">(DE-588)4035964-5</subfield><subfield code="2">gnd</subfield></datafield><datafield ind1=" " ind2="7" tag="650"><subfield code="a">Grenze</subfield><subfield code="0">(DE-588)4130793-8</subfield><subfield code="2">gnd</subfield></datafield><datafield ind1=" " ind2="7" tag="650"><subfield code="a">Migration</subfield><subfield code="0">(DE-588)4120730-0</subfield><subfield code="2">gnd</subfield></datafield><datafield ind1=" " ind2="7" tag="650"><subfield code="a">Magischer Realismus</subfield><subfield code="g">Literatur</subfield><subfield code="0">(DE-588)4168508-8</subfield><subfield code="2">gnd</subfield></datafield><datafield ind1=" " ind2="7" tag="651"><subfield code="a">Land Mexiko</subfield><subfield code="z">Nord</subfield><subfield code="0">(DE-588)4515218-4</subfield><subfield code="2">gnd</subfield></datafield><datafield ind1=" " ind2="7" tag="651"><subfield code="a">Karibik</subfield><subfield code="0">(DE-588)4073241-1</subfield><subfield code="2">gnd</subfield></datafield><datafield ind1=" " ind2="7" tag="651"><subfield code="a">USA</subfield><subfield code="0">(DE-588)4078704-7</subfield><subfield code="2">gnd</subfield></datafield><datafield ind1=" " ind2="7" tag="651"><subfield code="a">Mexiko</subfield><subfield code="0">(DE-588)4039058-5</subfield><subfield code="2">gnd</subfield></datafield><datafield ind1=" " ind2="7" tag="655"><subfield code="a">[Études diverses]</subfield><subfield code="0">(RERO)A022249905</subfield><subfield code="2">rero</subfield></datafield><datafield ind1=" " ind2="7" tag="655"><subfield code="a">Aufsatzsammlung</subfield><subfield code="2">gnd-content</subfield></datafield><datafield ind1=" " ind2=" " tag="690"><subfield code="a">Kriminalroman; Publikation; Latino; Karibik; Rechtfertigung; Grenze; Insel</subfield><subfield code="2">idssg-J</subfield></datafield><datafield ind1=" " ind2=" " tag="690"><subfield code="a">Gründergeneration; Maximin; Notfall; Phänomenologie; Schmelztiegel; Serienhersteller; Wechselfall; Ziegenbock</subfield><subfield code="2">idssg-J</subfield></datafield><datafield ind1=" " ind2=" " tag="690"><subfield code="a">dominikanische Literatur; neuer Kriminalroman; neue Literatur; neuer Raum; ehemalige Großstadt; haitianische Literatur; haitianische Revolution; kreatives Prinzip; kubanischer Amerikaner; kubanischer Kriminalroman; kubanische Revolution; kultureller Raum; lateinamerikanische Literatur; letzter Roman; literarische Fiktion; literarische Topographie; magisches Denken; magischer Realismus; nachkoloniale Diaspora; neue Würze; nördliche Grenze; vereinigter Staat</subfield><subfield code="2">idssg-J</subfield></datafield><datafield ind1=" " ind2=" " tag="690"><subfield code="a">Mexiko C1MEX; Vereinigte Staaten C1USA; Karibische Staaten C50CAR; Haiti C5HAIT; Jamaika C5JAMA; Dominica C5DOMI; Kuba C5CUBA; Lateinamerika C0LATI</subfield><subfield code="2">idssg-J</subfield></datafield><datafield ind1=" " ind2=" " tag="690"><subfield code="a">Andrea Pagni Vervuert Iberoamericana; Dominica Vesper Dominicanisation Grenze; Eduardo Antonio Parra; Frontera Norte; Gebiet Literarische Topographien; Generation Puerto Rican Rechtfertigung; Karibik Literaturen Voodoo; Karibik Nord Border; Karibik Nördlichen Grenze; Kriminalroman Leonardo Padura Fuentes Amir Valle Lorenzo Lunar; Leonardo Padura Fuentes; Luis Pales Matos; Mario Vargas Llosa; Nicolás Guillén; Pagni Vervuert Iberoamericana; René Depestre; Revolution Césaire Glissant Maximin; Saint Domingue Haiti Santo; Trujillo; vereinigt Staaten Frauke Gewecke; vereinigt Staaten Mexiko</subfield><subfield code="2">idssg-J</subfield></datafield><datafield ind1="1" ind2=" " tag="700"><subfield code="6">880-02</subfield><subfield code="a">Pagni, Andrea</subfield><subfield code="d">1953-</subfield><subfield code="0">(DE-588)110223098</subfield></datafield><datafield ind1="1" ind2=" " tag="880"><subfield code="6">700-02</subfield><subfield code="a">Pagni, Andrea</subfield><subfield code="d">1953-....</subfield><subfield code="0">(IDREF)028475828</subfield></datafield><datafield ind1="4" ind2=" " tag="856"><subfield code="3">Titelblatt und Inhaltsverzeichnis</subfield><subfield code="u">https://toc.library.ethz.ch/objects/pdf03/z01_978-84-8489-737-8_01.pdf</subfield><subfield code="q">pdf</subfield></datafield><datafield ind1=" " ind2=" " tag="830"><subfield code="a">Bibliotheca Ibero-Americana</subfield><subfield code="v">152</subfield><subfield code="w">(IDSBB)000097878DSV01</subfield></datafield><datafield ind1=" " ind2=" " tag="900"><subfield code="a">REROnoselfmerge</subfield></datafield><datafield ind1=" " ind2=" " tag="900"><subfield code="a">IDSZ2zbzmon201312f</subfield><subfield code="c">IDSZ2hilb</subfield><subfield code="d">IDSZ2zbzswk201401b</subfield><subfield code="e">IDSZ2brua</subfield></datafield><datafield ind1=" " ind2=" " tag="910"><subfield code="a">BNE</subfield><subfield code="b">20131128</subfield></datafield><datafield ind1=" " ind2=" " tag="911"><subfield code="a">100</subfield><subfield code="a">Gewecke, Frauke</subfield><subfield code="d">1943 - 2012</subfield></datafield><datafield ind1=" " ind2=" " tag="949"><subfield code="a">https://toc.library.ethz.ch/objects/pdf03/z01_978-84-8489-737-8_01.pdf</subfield></datafield><datafield ind1=" " ind2=" " tag="993"><subfield code="a">BFLA 249716</subfield><subfield code="x">ge/ulhi/a/13/159</subfield><subfield code="9">LOCAL</subfield></datafield></record>
</metadata></record>